2970 4754
604 261 828 380 ¹ue

326 509 451 592 Quibus
479 511 635 594 exemplis
664 512 892 594 comprobatur
921 509 1126 596 genetivum,
1162 510 1218 592 qui
1251 511 1389 577 verbum

220 617 331 683 λούειν
361 618 416 688 vei
444 618 612 686 museum
641 623 814 703 sequatur,
844 638 906 684 nec
927 616 1040 684 localis
1070 635 1164 684 casus
1186 618 1260 686 mcc
1283 617 1388 703 tirngi,

131 801 134 808 ,
218 743 280 792 nec
303 723 462 807 partitive
480 730 674 809 usurpatum
698 743 778 809 esse,
805 725 862 790 sed
885 723 1283 807 genetivum-ablativum
1307 743 1388 809 esse,

221 830 276 912 qui
298 829 423 912 positus
452 830 495 898 sit
525 832 568 899 ad
597 831 632 898 id
661 829 896 914 denotandum,
927 829 1013 896 unde
1041 829 1181 898 lavetur.
1227 831 1388 913 (111101

205 955 279 1004 nos
301 934 453 1002 dicimus:
476 937 555 1022 ,sich
576 955 634 1003 aus
658 936 730 1002 dem
752 936 852 1019 Bach,
875 934 982 1020 Fluss‚
1008 935 1069 1002 See
1091 937 1264 1002 wascben‘.

253 1089 258 1099 -
326 1043 489 1110 Sumnurm
511 1049 619 1112 autem
634 1061 673 1110 ac
688 1047 814 1108 11111111
826 1047 1054 1126 argumentum
1070 1041 1257 1124 genetivum
1272 1041 1388 1110 localis

220 1147 292 1218 vice
313 1147 408 1233 fungi
429 1148 665 1217 Delbrneckius
688 1146 751 1214 sibi
773 1148 903 1218 videtur
918 1147 1081 1216 invenisse
1097 1146 1131 1212 in
1144 1147 1387 1216 constructione

220 1252 446 1336 genetivorum
467 1256 697 1324 absolutorum.
741 1255 876 1323 Locales
900 1254 984 1322 enim
1008 1273 1102 1322 casus
1124 1253 1309 1340 absolutos,
1334 1255 1389 1336 qui

220 1357 255 1424 in
277 1359 439 1426 sunamite
460 1359 574 1446 lingua
595 1367 819 1446 occurrerent,
843 1362 877 1426 in
901 1381 1022 1445 graeca
1043 1361 1158 1444 lingua
1180 1379 1200 1426 a
1224 1361 1389 1444 genetivis

219 1461 377 1532 absolutis
413 1473 565 1549 exceptos
594 1489 665 1536 esse
698 1469 732 1536 in
764 1487 881 1548 eosque
912 1469 1071 1536 transisse
1104 1472 1209 1549 putat.
1265 1469 1388 1534 Mirum

220 1571 382 1638 mehercle
403 1571 482 1638 mihi
504 1579 564 1659 est,
592 1576 676 1656 quod
699 1574 935 1644 Delbrneckius
958 1574 1128 1659 genetivus
1150 1573 1317 1640 absolutos
1340 1574 1389 1640 ita

221 1676 357 1758 accepit.
410 1679 554 1744 Primum
586 1680 686 1765 enim,
719 1688 754 1747 ut
784 1682 1022 1748 Delbrneckius
1050 1681 1121 1763 ipse
1134 1681 1165 1746 -1,
1189 1680 1210 1744 1.
1242 1699 1319 1762 pag.
1344 1681 1387 1745 43

222 1783 318 1867 dicit,
349 1783 468 1850 locales
491 1785 632 1852 absoluti
653 1785 688 1850 in
710 1785 880 1868 Rigvedae
903 1787 1100 1854 carminibus
1122 1787 1156 1852 in
1178 1785 1388 1854 sollemnibus
1477 1791 1478 1814 1

220 1895 347 1957 tantum
371 1888 561 1970 quibusdam
591 1890 806 1957 locutionibus
837 1898 1011 1959 occurrunt
1036 1909 1251 1972 numerusque
1276 1909 1387 1957 eorum
1477 1911 1478 1980 1

219 2002 287 2064 tam
303 2015 425 2078 parvus
441 2003 500 2082 est,
525 2002 562 2063 ut
572 1997 649 2064 inde
661 1997 910 2064 constructionis
926 1999 1148 2082 genetivornm
1162 1995 1385 2062 absolutorum
1477 1987 1478 2010 ¹

220 2102 254 2170 in
276 2103 391 2187 lingua
413 2121 534 2186 graeca
556 2109 625 2170 tam
647 2103 826 2185 frequentis
849 2105 1054 2188 usitataeque
1077 2104 1236 2187 originem
1269 2102 1387 2168 ducere
1477 2103 1478 2168 3

219 2227 284 2276 non
308 2211 406 2276 licere
428 2209 590 2277 videatur.
624 2211 687 2278 Sed
712 2211 787 2278 huic
802 2218 994 2295 argumento
1014 2215 1109 2278 tanta
1131 2209 1182 2277 vis
1204 2207 1308 2274 tribui
1323 2227 1387 2274 non
1477 2189 1478 2262 l

220 2321 337 2398 potest,
362 2314 438 2397 quia
453 2316 487 2384 in
502 2317 654 2401 Rigveda
668 2318 712 2384 ad
734 2319 854 2384 locales
870 2320 1034 2385 absolutos
1049 2315 1254 2397 usurpandos
1270 2334 1386 2397 parum
1477 2301 1478 2372 Ῠ

221 2422 398 2490 occasionis
420 2424 605 2504 praebetur.
640 2423 767 2490 Deinde
782 2429 891 2492 autem
902 2425 1015 2510 jeJuna
1034 2428 1067 2489 et
1082 2439 1214 2504 prorsus
1229 2439 1386 2502 perversa
1477 2475 1478 2528 ἦ

220 2548 291 2596 esse
314 2529 393 2596 milri
418 2529 548 2596 videtur
572 2547 611 2594 ea
640 2529 869 2613 interpretatio
900 2530 1124 2615 genetivorum
1153 2527 1385 2610 absolutorum,
1477 2531 1478 2612 1

221 2654 285 2715 qua
304 2634 541 2702 Delbrneckius
563 2636 677 2722 utitur,
701 2655 773 2703 cum
789 2657 897 2705 omnes
916 2635 1100 2718 relationes,
1125 2653 1207 2715 quae
1223 2633 1386 2716 genetivis
1477 2619 1478 2648 ³

220 2739 380 2806 absolutis
408 2741 614 2828 subjaceant,
646 2743 688 2810 ad
717 2746 929 2827 temporalem
959 2746 1107 2825 revocet,
1139 2741 1225 2806 unde
1254 2747 1385 2808 ceterae

130 2868 132 2873 ·
220 2845 395 2914 relationes
433 2849 596 2933 cassulae,
635 2849 890 2933 condicionales,
925 2848 1131 2916 concessivae
1168 2847 1384 2914 manaverint.
1477 2855 1478 2860 ’

220 2952 323 3018 Recte
345 2971 423 3050 vero
446 2955 618 3023 Classcnus
641 2954 675 3019 in
698 2957 876 3021 observatu
908 2954 949 3018 de
971 2953 1143 3039 Homerico
1175 2970 1234 3018 usu
1257 2953 1387 3019 dicendi

219 3057 379 3125 institutis
396 3058 526 3142 judicat
548 3058 588 3124 de
611 3059 773 3142 genetivis
796 3057 970 3144 absolutiS,
1002 3077 1074 3125 cum
1096 3055 1200 3125 dicat:
1232 3059 1282 3143 ,In
1303 3059 1388 3142 judi=

220 3166 326 3234 canda
348 3164 493 3251 genetivi
515 3185 587 3233 cnm
602 3166 775 3251 participio
793 3165 1016 3251 conjunctione
1031 3164 1297 3247 proficiscendum
1317 3185 1388 3232 esse
1477 3195 1478 3208 ¹

221 3291 241 3339 a
264 3272 388 3340 duabus
410 3272 609 3360 rationibus,
633 3275 772 3356 primum
795 3293 816 3339 a
839 3272 1023 3356 cognitione
1045 3277 1185 3338 naturae
1206 3270 1385 3356 participii,

220 3379 304 3460 quod
316 3396 476 3459 nunquam
487 3398 603 3462 expers
615 3381 659 3448 sit
669 3379 880 3462 proprietatis
891 3377 985 3446 verbi
996 3377 1017 3442 i.
1032 3396 1058 3442 e.
1071 3376 1238 3443 facultatis
1255 3383 1384 3445 mutuas

220 3503 273 3551 res
297 3489 463 3552 aestates
487 3485 672 3571 denotandi,
697 3485 813 3551 deinde
837 3503 857 3551 a
879 3489 971 3550 recta
997 3483 1268 3564 interpretatione
1292 3503 1388 3566 genez

220 3591 302 3660 tivi‘.
336 3593 488 3660 Proiecto
503 3591 720 3676 participium,
745 3609 816 3657 cum
832 3589 976 3658 verbalis
995 3596 1134 3656 naturae
1149 3590 1201 3673 sit,
1226 3589 1388 3670 eloquitur

220 3717 290 3783 res,
323 3717 405 3779 quae
434 3698 645 3780 principalem
676 3696 837 3764 actionem
862 3698 956 3780 quasi
979 3697 1176 3764 comitantur
1198 3695 1292 3776 eique
1315 3697 1387 3760 sub:
1477 3779 1478 3786 ἵ

218 3802 351 3886 junctae
382 3808 474 3887 sunt;
504 3803 562 3870 sed
592 3821 663 3870 cum
685 3804 879 3870 nominalem
902 3821 1027 3886 quoqne
1057 3807 1209 3868 naturam
1232 3801 1386 3886 induerit,

221 3909 426 3993 conjunctum
449 3930 521 3976 cum
543 3909 672 3977 nomine
695 3909 801 3991 aliquo
825 3908 868 3976 ad
891 3914 1032 3976 ceteram
1063 3905 1224 3973 enuntiati
1247 3913 1388 3974 structu
1477 3907 1478 3974 ἶ

221 4032 292 4079 ram
314 4032 385 4080 sese
414 4015 601 4097 applicandi
631 4015 822 4082 facultatem
852 4015 998 4097 praebet.
1044 4011 1136 4092 uuou
1166 4017 1205 4077 ut
1231 4013 1385 4099 efficeret,
1477 4043 1478 4106 1

220 4121 328 4188 nullus
349 4121 432 4189 alius
454 4141 549 4190 casus
571 4121 677 4206 magis
699 4120 959 4189 accommodatus
986 4121 1075 4201 erat,
1108 4117 1172 4183 nisi
1203 4120 1384 4200 genetivus.

221 4225 268 4293 Iis
291 4231 399 4294 autem
421 4227 570 4312 angustis
593 4227 762 4312 cancellis,
793 4228 909 4309 quibus
931 4222 1168 4292 Delbrneckius
1198 4223 1385 4308 genetivum
