2970 4754
682 255 724 322 ll

105 451 201 518 licet.
248 451 301 519 Ad
324 452 459 520 eandem
482 454 640 539 originem
662 456 881 524 revocandam
904 473 975 522 esse
1006 454 1166 539 syllabam
1195 455 1285 524 illam

107 581 142 622 ιε
167 558 222 625 vel
245 581 290 645 ιη,
313 577 396 638 qnae
418 561 559 640 optativi
573 561 709 643 propria
723 561 775 644 sit,
799 559 869 626 iere
891 579 1000 626 omnes
1020 560 1085 628 viri
1102 561 1190 628 docti
1213 581 1285 629 cons

105 663 269 730 sentiunt.
292 663 435 730 Similem
457 670 566 732 autem
588 667 761 750 notionem,
787 669 884 746 atque
905 665 940 732 in
962 667 1126 734 nominum
1148 665 1285 732 flexione

107 769 458 856 etiaminaugmento,
482 772 567 852 quod
590 772 720 856 dicitur,
744 770 851 837 inesse
866 772 1076 838 ostenderunt
1099 771 1284 838 Schleicher

107 873 309 960 (,compend‘
341 877 420 964 749)
453 883 488 944 et
516 877 655 944 Curtius
678 875 838 964 (lirlaent.
869 895 900 958 p.
924 875 998 964 96),
1030 896 1101 944 cum
1132 878 1285 944 docerent

108 989 326 1067 augmentum
349 982 598 1050 demonstrativi
620 983 786 1067 quusdam
809 981 1007 1064 pronominis
1038 983 1174 1066 stirpem
1203 1001 1283 1068 esse,

108 1107 200 1168 quae
230 1087 468 1172 significatione
498 1088 586 1170 ‚tnm‘
620 1089 773 1170 praedita
802 1093 929 1170 tempus
952 1089 1168 1170 praeteritum
1197 1102 1287 1160 mon'

108 1201 248 1262 straret.
286 1193 395 1274 Quid?
418 1193 504 1274 quod
519 1193 650 1260 Curtius
672 1195 742 1276 ipse
758 1193 945 1280 (uempora
960 1195 1027 1261 und
1041 1195 1139 1262 Modi‘
1155 1216 1187 1279 p.
1207 1198 1285 1286 127)

110 1301 154 1366 de
167 1299 435 1384 reduplicatione,
460 1315 543 1380 quae
558 1306 704 1384 vocatur,
728 1301 778 1367 ita
790 1300 967 1385 judicavit:
991 1300 1100 1385 ‚Diese
1111 1302 1156 1369 ist
1167 1304 1285 1387 gewis

109 1405 186 1472 eins
209 1407 267 1471 der
290 1403 583 1471 sinulichsten
605 1406 774 1472 Elementa
798 1406 857 1472 der
879 1405 1040 1489 sprebit,
1073 1409 1145 1476 dem
1167 1408 1229 1475 wir
1251 1409 1286 1477 in

110 1511 174 1578 der
197 1513 337 1578 dltesten
360 1510 425 1578 sin
434 1509 653 1577 nli-obstem
675 1511 862 1576 Periode
884 1510 943 1575 der
956 1511 1210 1598 Entwickelung
1233 1535 1285 1585 am

110 1617 300 1700 binfigsten
331 1618 398 1683 und
427 1616 462 1682 in
495 1618 553 1684 der
586 1615 860 1699 vollstitndigsten
893 1615 1004 1683 Weise
1037 1635 1078 1682 zu
1114 1621 1286 1706 begegnen

109 1727 289 1790 vermuten
312 1723 450 1790 ddrfen.‘

221 1935 260 2000 Iu
284 1935 431 2002 omuibus
453 1936 565 2020 igitur,
589 1955 669 2017 quas
692 1938 798 2003 adhuc
818 1935 1021 2018 protulimus,
1045 1939 1078 2001 et
1099 1936 1230 2003 nomina
1253 1944 1286 2005 et

110 2042 218 2108 verba
236 2041 389 2108 flectendi
411 2041 523 2106 formis
544 2041 708 2108 notionem
730 2041 837 2107 inesse
858 2040 1007 2124 vidimus,
1033 2059 1116 2122 quae
1137 2043 1285 2110 sensibus

112 2146 263 2230 subjecta
284 2149 379 2212 esset.
425 2145 517 2226 Quae
539 2164 610 2212 cum
632 2146 682 2212 ita
704 2145 779 2231 sint,
807 2165 871 2212 non
893 2145 1007 2227 procul
1029 2148 1123 2212 abest
1144 2147 1284 2230 suscipio

112 2251 214 2318 etiam
226 2251 260 2317 in
269 2251 484 2317 declinatione
495 2251 658 2318 nominum
666 2252 912 2320 terminationes
924 2251 967 2317 ad
976 2251 1095 2318 locales
1106 2252 1282 2320 relationes

109 2375 182 2424 esse
204 2356 409 2440 referendas,
440 2375 544 2438 neque
566 2359 632 2425 ullo
651 2359 726 2442 jure
752 2357 958 2442 grammatici
982 2356 1179 2422 recentiores
1202 2358 1283 2424 milri

108 2463 265 2530 videntur
287 2481 359 2528 eam
381 2463 562 2530 doctrinam
584 2483 717 2545 prorsus
739 2463 890 2548 rejecisse
912 2481 951 2528 ac
973 2460 1145 2545 respuisse,
1176 2481 1240 2544 qua
1262 2483 1283 2530 a

110 2567 324 2634 relationibus
353 2567 417 2634 loci
446 2587 579 2634 casuum
608 2568 768 2634 rationem
803 2585 999 2650 cognoscere
1029 2571 1190 2634 tentatum
1221 2575 1280 2636 est.

112 2675 151 2740 Id
181 2674 283 2752 enim,
320 2673 405 2754 quod
434 2673 656 2754 localisterupr
686 2678 720 2737 et
748 2672 965 2738 recentiorum
995 2673 1282 2753 grammaticorum

113 2780 291 2846 doctrinae>
318 2797 484 2846 commune
515 2778 654 2862 habent,
693 2777 729 2843 in
763 2775 920 2844 acerrimo
958 2776 1136 2844 certamine
1169 2784 1283 2846 contra

113 2887 247 2952 localem
270 2885 453 2952 doctrinam
476 2888 579 2967 gesto,
604 2903 699 2966 quam
721 2883 887 2950 locelistas
910 2901 1078 2964 perperam
1098 2891 1282 2964 persecutos

114 3010 183 3058 esse
198 2995 347 3074 apparet,
371 2989 578 3074 grammatici
600 2989 746 3056 omisisse
767 2989 845 3056 milri
867 2989 1031 3056 videntur.
1064 2989 1148 3054 Nam
1163 2989 1282 3057 locales

114 3097 287 3163 relationes
304 3096 347 3162 ad
362 3115 495 3162 casuum
508 3095 734 3161 formationem
758 3094 897 3175 quodam
911 3093 1004 3159 modo
1026 3092 1170 3160 valuisse
1183 3095 1283 3160 etiam

115 3201 353 3284 comparatione
385 3199 572 3283 linguarum
605 3201 852 3282 comprobatur,
893 3217 957 3279 qua
990 3198 1194 3280 exploratum
1232 3208 1283 3267 est

115 3309 369 3393 omniasuffixa,
393 3306 508 3390 quibus
531 3323 625 3370 casus
641 3305 860 3371 formarentur
883 3303 986 3371 locale
1002 3302 1163 3384 quoddam
1187 3305 1282 3373 denos

117 3421 194 3482 tare.
229 3414 315 3480 lllud
335 3414 393 3498 ‚aa‘
407 3411 503 3495 enim
527 3411 611 3492 quod
627 3419 677 3477 est
691 3410 885 3479 nominativi
899 3407 1096 3492 terminatio,
1119 3409 1284 3493 significat

118 3521 197 3606 ‚hic‘,
213 3557 257 3567 -
274 3520 360 3604 ‚am‘‚
384 3517 470 3600 quod
492 3520 543 3582 est
562 3515 744 3585 accusativi
758 3515 919 3600 suffixum,
944 3515 1103 3598 objectum
1125 3521 1283 3582 remotum

118 3631 297 3692 monstrans
318 3624 441 3691 indicat
457 3622 543 3706 ‚illic‘
568 3622 588 3686 i.
612 3640 639 3686 e.
663 3621 708 3705 id,
733 3621 776 3687 ad
796 3620 881 3703 quod
903 3620 989 3686 actio
1012 3619 1113 3698 verbo
1129 3637 1283 3700 expresse

119 3732 264 3814 pertinet,
287 3767 331 3776 -
355 3730 409 3814 ,at‘
434 3727 585 3794 suffixum
608 3726 747 3794 ablativi
776 3725 917 3810 indicat,
944 3745 969 3794 ¹a
992 3742 1054 3805 quo
1077 3722 1172 3790 initio
1195 3725 1281 3790 actio

120 3835 462 3918 verbiproiiciscatur,
485 3869 528 3881 -
554 3831 585 3916 ,i‘
609 3831 761 3898 suffixum
783 3831 895 3898 localis
918 3849 1012 3896 casus
1036 3825 1170 3896 denotat
1195 3829 1281 3914 ,nbi‘,

121 3950 149 4010 et
162 3943 194 4010 in
208 3939 449 4012 instrumentali
465 3956 590 4022 quoqne
606 3956 693 4022 casn,
709 3957 781 4006 cum
796 3931 954 4020 primaria
969 3936 1038 4020 ejus
1053 3933 1103 4002 vis
1119 3933 1279 4002 sociative

123 4050 169 4120 vel
198 4047 386 4118 comitativa
417 4047 520 4128 esset,
556 4042 692 4110 localem
722 4043 885 4110 notionem
909 4041 1039 4128 inesse,
1067 4039 1136 4122 jam
1157 4038 1282 4106 Ludov.
