2970 4754
761 310 808 382 26

204 483 293 580 intra
315 531 410 596 quam
432 512 503 594 qu'm
525 530 626 596 purus
640 511 710 581 sive
725 511 841 582 infelix
862 508 1215 596 circumlocutionum
1229 514 1369 582 Bereicb

204 638 279 704 von,
301 618 336 685 in
357 617 546 701 Beziehung
568 618 633 702 anf,
656 617 691 684 in
714 619 868 687 Hinsicbt
890 620 955 685 aul‘
972 618 1041 704 —-).
1078 619 1238 702 Cognosci
1260 625 1371 688 eutem
1470 659 1471 706 ,

204 725 258 792 bic
279 729 388 808 potest
409 741 481 790 earn
504 723 731 811 definitionem,
755 745 820 808 qua
835 725 1005 810 genetivus
1020 723 1212 793 relationem
1235 724 1369 809 indicet,

205 829 701 916 ea,quamnosamplexisumus,
714 829 1366 914 comprehendiatqueangustioremesse.

309 935 437 1020 Restat,
460 941 497 1001 ut
508 955 710 1023 quaeramus,
733 939 912 1020 quaeratis
927 935 1109 1004 intercedat
1120 935 1207 1002 inter
1222 942 1370 1004 nostram

205 1039 350 1125 genetivi
372 1040 589 1107 definitionem
612 1049 645 1108 et
667 1063 748 1128 eam,
773 1063 867 1124 qnam
883 1043 1072 1125 Rumpelius
1087 1041 1139 1107 vir
1161 1041 1368 1110 acutissimus

205 1146 332 1231 statuit,
357 1165 429 1214 cum
453 1147 664 1232 argumentis,
688 1167 771 1230 quae
785 1149 891 1232 magis
912 1148 947 1216 in
961 1147 1165 1230 philosophia
1182 1152 1368 1231 versantur,

205 1251 350 1338 genetivi
372 1256 524 1318 naturam
547 1271 587 1318 ac
608 1253 674 1321 vim
697 1255 918 1324 constitueret.
953 1254 1000 1320 Ut
1015 1253 1116 1336 igitur
1136 1272 1185 1335 ee,
1208 1271 1293 1333 qnae
1315 1252 1370 1320 ille

206 1355 403 1439 disputavit,
428 1356 646 1437 proferamus:
674 1361 742 1444 ,Bei
767 1360 825 1426 der
847 1359 1013 1444 Analyse,‘
1036 1359 1141 1440 inquit
1164 1356 1254 1444 (pag.
1281 1357 1368 1445 195),

205 1462 323 1548 irgend·
345 1460 435 1530 einer
458 1461 805 1548 Genetivverbindung
826 1464 911 1532 vvird
933 1464 1003 1530 sich
1025 1465 1183 1548 argeben,
1210 1462 1289 1528 dass
1310 1463 1370 1528 der

205 1569 250 1636 im
273 1565 414 1635 Genetiv
437 1568 625 1636 enthaltene
644 1569 770 1654 'Begriff
789 1569 919 1637 ellemal
942 1571 1000 1636 das
1022 1569 1128 1653 Prius,
1153 1569 1207 1634 die
1227 1574 1371 1636 neuwen

206 1675 282 1758 dige
294 1674 628 1756 Voraussetzungfifir
644 1675 707 1740 den
723 1675 849 1758 Begriff
861 1675 917 1742 des
931 1674 1146 1756 regierenden
1161 1673 1370 1741 substantive

206 1777 341 1845 enthfilt.
375 1775 422 1840 Es
445 1774 489 1842 ist
512 1777 564 1842 ein
587 1779 751 1846 absolutes
766 1780 886 1846 Gesetz
906 1779 963 1846 des
979 1779 1186 1862 Gadankens,
1209 1779 1287 1846 dass
1310 1780 1369 1846 des

205 1881 390 1950 Besondere
420 1899 462 1946 zu
492 1881 599 1948 seiner
621 1884 887 1968 Voranssetzung
917 1884 977 1950 das
999 1885 1202 1968 Aligemeine
1227 1883 1371 1976 fordert3

206 1989 275 2055 dies
292 1988 412 2054 Gesetz
435 1975 595 2072 bestfitigt
617 1988 687 2056 sich
709 1991 792 2056 auch
813 1989 884 2058 bier
887 2039 1056 2057 ......
1081 1990 1149 2056 Der
1164 1989 1305 2059 Genetiv
1327 1990 1371 2058 ist

205 2095 274 2162 also
298 2093 355 2159 der
377 2091 489 2176 (lasus,
513 2093 646 2162 clerani
664 2095 734 2162 sein
748 2097 949 2164 Boseuderes
972 2099 1159 2179 benogenen
1174 2096 1370 2180 Allgemeim

205 2199 290 2280 heit,
323 2197 381 2262 der
412 2196 465 2262 ein
490 2198 683 2270 Substantiv
714 2203 776 2268 als.
792 2202 862 2269 sein
884 2202 1085 2270 Besonderes
1114 2200 1370 2270 bestimmenden

206 2300 470 2387 Allgemeinheit.
513 2303 563 2368 Im
579 2304 918 2372 Genetivverheltniss
933 2307 1040 2372 beben
1059 2305 1121 2374 vvir
1136 2306 1189 2372 die
1211 2306 1371 2374 innerlicb

206 2408 405 2479 vermittelte
428 2406 651 2475 Combination
674 2409 793 2475 zweier
816 2409 1154 2495 Substantivbegriffe,
1178 2429 1243 2477 von
1265 2411 1371 2480 denen

207 2517 266 2584 das
289 2513 510 2598 genetivische
525 2513 583 2578 das
598 2514 818 2598 Bezogenseiu
836 2515 895 2582 auf
907 2515 1001 2584 einen
1017 2517 1160 2584 anderen
1180 2517 1370 2601 ausdriickt‚

197 2622 346 2708 welcher
362 2619 590 2684 innerhalb
613 2618 755 2686 seiner
771 2621 935 2704 spuere
949 2621 1048 2706 begu
1071 2622 1128 2688 der
1147 2621 1372 2706 genetivische

207 2723 519 2807 Substantivbegriff
528 2725 1371 2812 erbalcuadurcbuiesseueucungdeslllgememen‚

211 2831 351 2900 welches
375 2829 469 2897 einen
494 2832 638 2899 anderen
661 2833 710 2899 als
731 2833 801 2900 sein
823 2833 1024 2900 Besonderes
1047 2833 1151 2898 serat!

311 2935 384 3002 Hac
407 2935 570 3016 Rumpelii
585 2955 624 3002 ac
645 2956 718 3002 mea
733 2937 879 3020 genetivi
893 2936 1079 3004 definitione
1094 2937 1278 3005 accuratius
1301 2955 1373 3020 per=

207 3059 308 3124 pensa
330 3039 422 3108 vides
446 3039 578 3108 diversa
592 3039 648 3106 via
662 3041 704 3106 ad
723 3040 857 3106 eandem
872 3040 1030 3108 rationem
1053 3042 1199 3126 genetivi
1219 3048 1372 3110 naturam

207 3167 247 3215 ec
267 3147 334 3215 vim
356 3145 522 3229 propriam
544 3144 762 3212 constituendi
783 3165 842 3214 nos
867 3147 1065 3230 pervenisse.
1110 3147 1271 3214 Nimirum
1300 3168 1372 3216 cum

207 3251 433 3333 err-Rumpelii
454 3249 726 3332 interpretatione
748 3253 919 3334 genetivus
942 3273 1061 3339 genus,
1093 3255 1233 3322 alterum
1263 3261 1371 3324 curtem

206 3375 338 3440 nomen,
369 3373 471 3438 equo
494 3354 665 3438 genetivus
689 3357 846 3442 pendeat,
877 3360 1017 3440 speciem
1048 3360 1196 3445 denotet,
1228 3381 1267 3428 ee
1298 3362 1372 3428 defit

208 3463 288 3530 nitio
327 3460 438 3528 eodem
477 3466 621 3545 spectat,
660 3479 722 3543 quo
759 3481 840 3528 mee.
905 3463 988 3529 Nam
1026 3470 1063 3531 ut
1100 3466 1245 3548 exemplo
1284 3469 1373 3550 κῦμα

207 3567 387 3654 θαλάσσης
415 3571 509 3650 utar,
541 3565 592 3650 id,
624 3567 658 3632 in
689 3565 779 3650 cujus
809 3566 926 3634 finibus
957 3569 1080 3653 aliquid
1110 3576 1262 3639 versatur
1287 3567 1369 3656 (scil.

206 3672 311 3760 mere)
334 3691 437 3756 genus
459 3679 509 3740 est
531 3672 600 3757 eJus
622 3670 680 3754 rei,
705 3691 788 3753 qrrae
809 3673 844 3738 in
865 3672 983 3742 finibus
1007 3676 1094 3744 illius
1116 3680 1267 3744 versatur
1287 3671 1369 3760 (scil.

206 3778 308 3864 unda)
329 3777 350 3843 i.
375 3797 402 3843 e.
423 3797 506 3859 quae
527 3776 652 3859 species
676 3782 726 3843 est
748 3778 878 3861 generis
901 3781 1010 3848 maris.
1056 3781 1116 3848 Vel
1138 3799 1210 3848 cum
1232 3781 1370 3862 Rumpe
1472 3845 1473 3852 ,

206 3883 269 3948 lius
291 3883 371 3949 dicit
393 3883 545 3966 genetivo
569 3881 718 3966 ,logicum
740 3885 841 3964 prios‘
865 3887 1012 3971 exprimi,
1040 3905 1081 3952 ne
1104 3903 1144 3951 ea
1166 3886 1295 3966 quidem
1319 3887 1370 3952 de

207 3987 311 4054 finitio
327 4007 347 4055 a
361 4007 434 4055 mea
447 3990 611 4074 abhorret,
635 4006 706 4054 cum
721 3987 765 4072 id,
788 3989 822 4056 in
838 3993 928 4076 cnjus
942 3991 1059 4058 finibus
1075 3989 1197 4071 aliquid
1211 3997 1370 4078 versetur,

207 4095 260 4161 vel
283 4113 403 4180 genus,
429 4092 520 4176 prius
543 4092 725 4176 ponendum
748 4115 836 4182 esse,
860 4116 954 4180 quam
977 4095 1028 4182 id,
1058 4096 1144 4178 quod
1166 4100 1315 4165 versetur
1338 4098 1370 4165 in
1472 4103 1473 4166 l

206 4199 324 4268 finibus
347 4199 444 4285 illius,
468 4203 719 4268 consentaneum
742 4200 794 4268 sit.
1472 4191 1473 4208 ¹
