2970 4754
768 297 816 368 36

209 499 327 564 matur.
372 493 556 564 Discrimeu
578 501 687 564 ιιιιιιιιιι
717 503 874 581 quantum
899 496 986 566 inter
1007 500 1179 578 rimamque
1202 494 1376 566 dictionem

209 599 400 686 interesset,
430 601 547 670 mirum
577 607 628 678 est
657 603 764 672 ιίιιιιιι
793 602 1013 670 doctissimum
1038 601 1171 688 fugisse.
1217 602 1376 685 Proprius

210 705 446 792 emineamus,
478 707 533 788 qui
561 708 799 790 praepositioni
819 707 877 776 διὰ
907 727 978 776 oum
1008 708 1161 791 genetivo
1184 709 1377 792 conjunctae

209 812 330 896 subest,
353 812 381 878 is
404 817 463 896 est,
486 830 551 886 nou
570 819 609 879 ut
629 813 801 898 indicetur,
825 831 889 895 qua
911 814 966 882 via
988 818 1157 881 moveatur
1181 813 1301 894 aliems
1325 813 1377 882 vel

210 915 350 1002 aliquid,
380 917 438 984 sed
467 917 554 986 inter
584 918 707 1000 acque
729 919 782 987 uel
805 938 863 1001 per
885 918 1026 989 medium
1056 917 1180 999 aliquid
1202 937 1378 1000 personam
1472 959 1473 1010 ι

210 1021 264 1090 vel
286 1041 363 1088 rem.
377 1022 519 1104 aliquam
542 1023 600 1108 ire,
623 1023 672 1092 ita
685 1030 722 1092 ut
735 1024 769 1090 in
783 1024 864 1090 duas
877 1028 990 1116 partes
1013 1022 1179 1104 ἀίιίᾱιιιιιι
1195 1029 1230 1090 et
1244 1023 1378 1105 adquod
1472 1027 1473 1077 l

209 1127 351 1208 spatium
373 1127 592 1212 interjiciatur
614 1127 693 1215 (non
716 1136 754 1204 ut
776 1129 952 1197 mdicetur:
976 1129 1067 1214 ‚uber
1090 1132 1193 1196 etwas
1215 1127 1295 1212 lum,
1320 1127 1378 1194 sed
1472 1153 1473 1160 ¹

211 1231 384 1316 ,zwismen
398 1234 453 1302 vel
467 1234 582 1300 mitten
598 1233 701 1300 durch
717 1240 822 1302 etwas
831 1233 1027 1321 hindurch‘),
1050 1237 1088 1300 ut
1100 1232 1248 1314 exempla
1260 1233 1378 1299 docent

209 1338 343 1404 haecce:
374 1338 423 1404 δι’
446 1337 536 1421 ὤμου
557 1333 664 1425 ἦλθεν
686 1335 809 1424 ἰ’γχιις,δ
829 1339 887 1405 διὰ
912 1336 1046 1405 δἀὖτοῦ
1076 1341 1190 1422 πεῖρεν
1213 1337 1375 1418 ὀδόντων,

213 1442 333 1510 ἴθυσεν
355 1443 413 1509 διὰ
428 1445 623 1530 προμάχων,
647 1444 721 1512 alia.
746 1446 786 1511 ln
801 1442 1229 1529 praepositionedui-igitur
1244 1459 1376 1524 semper

210 1549 293 1616 latet
313 1548 403 1617 notio
434 1550 625 1630 separandi:
655 1549 690 1616 id
720 1550 805 1632 quod
834 1549 1005 1632 perspicue
1035 1547 1187 1632 cognosci
1209 1551 1320 1630 potest
1343 1547 1378 1612 in

211 1655 354 1738 vocibus,
378 1673 514 1736 quarum
537 1655 629 1737 origo
654 1655 697 1722 ad
720 1654 777 1721 διὰ
800 1654 1082 1737 praepositionem
1098 1653 1283 1722 revocanda
1315 1659 1376 1736 est,

210 1759 301 1827 velut
316 1761 415 1838 ‹tp-lg,
439 1761 564 1842 dri-xa,
588 1759 775 1843 δια-φέρειν
790 1757 952 1845 (proprie:
977 1757 1377 1845 ,ausemandertragen‘),

211 1864 522 1950 δια-κοσμηθέντες,
546 1864 754 1948 dra-jungere,
778 1862 1012 1950 dis-ponere.*)
1046 1862 1137 1944 Quae
1148 1881 1220 1928 cum
1235 1862 1285 1928 ita
1300 1862 1376 1947 sint,

212 1987 253 2048 ex
275 1968 522 2054 significationis
537 1969 749 2036 similitudine
763 1969 851 2048 illius
867 1969 1012 2054 genetivi
1034 1971 1168 2034 πεδίοιο
1190 1968 1378 2051 genetivum

212 2093 284 2142 oum
306 2074 548 2156 praepositione
564 2073 622 2140 διὰ
634 2074 783 2160 junctum
797 2075 1077 2142 instrumentalem
1099 2073 1283 2140 habendum
1306 2091 1379 2140 esse

213 2179 450 2250 Delbrueckius
473 2179 603 2246 minime
625 2181 718 2247 nobis
741 2182 913 2263 persuasit.
1287 2202 1290 2209 ·

315 2285 427 2365 Neque
456 2303 535 2352 vero
566 2292 759 2368 argumenta
789 2307 807 2352 e
839 2286 1035 2354 mruduibm
1058 2282 1242 2350 Homericis
1270 2281 1377 2365 petita

211 2409 283 2458 eam
304 2391 425 2458 habent
447 2389 523 2476 uim,
546 2394 584 2455 ut
605 2391 788 2458 sententiae
810 2390 1092 2471 Delbrueekianae
1122 2389 1217 2456 fidem
1239 2387 1374 2454 iaciant.

211 2495 447 2584 Delbrueokius
472 2495 556 2562 enim
571 2496 789 2577 compluribus
804 2497 918 2564 Iliadis
941 2501 975 2564 et
989 2497 1154 2579 Odysseae
1177 2494 1256 2560 locis
1279 2491 1377 2561 affert

210 2600 481 2683 praepositionem
497 2601 555 2667 διὰ
572 2619 641 2667 cum
653 2601 992 2687 instrumentalicasu
1016 2601 1106 2685 cujus
1128 2600 1173 2667 sit
1183 2599 1375 2666 terminatio

210 2729 301 2792 pto,
325 2711 543 2772 constructam
565 2705 715 2794 inveniri,
739 2715 776 2774 ut
798 2715 841 2788 Ε,ι
861 2710 922 2793 41,
945 2707 998 2774 57.
1038 2709 1086 2788 Θ,
1109 2707 1184 2772 259.
1218 2713 1273 2785 Λ,
1297 2705 1375 2770 448..

211 2817 255 2892 Χ,
278 2812 353 2876 284.
387 2836 419 2894 χ,
443 2814 496 2905 93,
519 2812 691 2894 inquibus
715 2814 827 2880 eadem
850 2813 969 2878 locutio
992 2813 1135 2894 repetita
1157 2817 1281 2878 exstat:

473 2917 531 2982 διὰ
554 2917 593 2983 δὲ
616 2919 809 3002 στήθεσφιν
830 2913 983 2980 ἔλασσεν.

315 3020 542 3102 Quaerendum
572 3020 762 3104 igiturest,
791 3037 853 3100 quo
878 3020 953 3102 jure
974 3019 1212 3089 Delbrueckius
1235 3021 1375 3088 formam

211 3128 403 3214 στήθεσφιν
433 3125 711 3202 instrumentalem
734 3143 804 3192 esse
827 3123 924 3192 dicat.
970 3124 1063 3208 Quod
1089 3133 1126 3194 ut
1151 3126 1375 3213 dijudicemus,

211 3232 251 3299 de
273 3233 441 3317 suffixopt
463 3232 590 3318 vel-pto
611 3251 717 3314 pauca
740 3233 855 3313 verba
865 3230 1021 3300 faciamus
1043 3251 1175 3302 neeesse
1198 3238 1257 3300 est

315 3337 551 3404 Delbrueckius
573 3339 594 3404 1.
618 3338 639 3402 l.
664 3357 739 3420 pag.
763 3338 784 3402 2
807 3337 1002 3406 sententiam
1024 3338 1200 3424 ediditpw
1222 3337 1374 3404 suffixum

210 3441 483 3527 tantum-localis,
507 3441 781 3526 instrumentalis,
807 3442 945 3510 ablativi
966 3461 1060 3508 casus
1083 3442 1375 3526 significationibus

210 3547 415 3630 respondere.
461 3547 566 3613 Sede
595 3546 777 3630 syntectico
807 3546 1003 3632 suffixi-pov
1032 3567 1093 3616 usu
1112 3547 1302 3632 Homerico,
1334 3548 1376 3614 de

210 3673 272 3736 quo
294 3654 436 3735 perbene
458 3652 611 3721 disseruit
641 3651 698 3720 Fr.
725 3651 966 3742 Lissnerus,**)
997 3655 1078 3722 satis
1108 3659 1247 3738 apparet
1276 3653 1374 3720 etiam

315 3845 340 3910 *)
361 3845 538 3914 mentiones,
575 3861 647 3917 quae
674 3862 688 3900 e
716 3863 839 3904 sermone
867 3849 1024 3920 posterioris
1052 3846 1146 3902 aetatis
1175 3847 1277 3914 petitae
1302 3853 1374 3910 sunt,

211 3937 306 4005 quales
325 3940 387 3987 eunt
405 3937 436 3989 δι’
455 3939 553 4009 ἐχθρᾶς,
573 3937 614 3990 διὰ
632 3937 720 4006 φιλίας,
739 3937 781 3990 dai
800 3939 878 4006 φόβου
895 3943 971 4005 ἰέναι,
991 3939 1021 3992 δι’
1040 3937 1115 4008 ὀργῆς
1132 3941 1193 4000 ἔχειν
1210 3934 1274 4000 τινά,
1295 3935 1374 3994 aliae.

211 4027 237 4079 iu
257 4024 298 4077 liis
318 4023 525 4094 qrraestionibus
544 4027 670 4080 adhiberi
689 4042 742 4081 uon
761 4035 888 4097 possunt.
917 4044 977 4081 cum
996 4025 1112 4095 genuina
1132 4041 1163 4078 ac
1181 4025 1313 4094 primaria
1332 4025 1374 4077 vis

83 4121 97 4134 ’
209 4113 420 4186 praepositionis
439 4116 481 4170 ad
499 4115 645 4171 obliterata
663 4118 700 4174 sit
719 4118 748 4172 in
767 4117 826 4173 illis
844 4133 933 4187 neque
951 4125 1053 4186 pateat.

315 4204 358 4274 **)
375 4220 468 4277 progr.
487 4220 577 4276 gymn.
597 4206 785 4261 olomucensis
806 4224 830 4261 a.
852 4206 930 4264 1865.
