2970 4754
196 1584 250 1668 ln
282 1623 413 1670 casuum
444 1603 572 1670 ratione
602 1623 641 1670 ac
675 1605 860 1688 cognitione
889 1594 954 1674 uiri
988 1604 1194 1690 grammatici
1222 1609 1256 1671 et

86 1709 293 1790 antiquiores
324 1717 356 1776 et
387 1710 585 1776 recentiores
617 1710 753 1776 multum
782 1711 907 1779 versati
937 1717 1022 1778 sunt.
1068 1711 1132 1777 Sed
1160 1711 1255 1776 utin

87 1813 166 1879 aliis
191 1815 435 1895 quaestionibus
457 1814 569 1898 multa,
593 1835 676 1896 quae
696 1821 794 1882 antea
810 1817 928 1883 crassis
944 1817 1108 1883 occultata
1123 1817 1256 1883 circum=

87 1919 228 2000 fusaque
250 1920 395 1990 tenebris
406 1921 597 2005 iacuerunt,
618 1922 688 2005 jam
709 1921 895 2005 linguarum
918 1922 1255 2004 indogermanicarum

87 2025 343 2109 comparatione,
368 2044 463 2106 quam
486 2025 607 2090 nostris
629 2026 830 2122 temporibus
845 2027 910 2094 viri
926 2027 1013 2093 docti
1031 2027 1253 2111 instituerunt,

88 2129 260 2196 illustrata
282 2134 380 2211 atque
404 2130 580 2212 explanata
602 2134 695 2214 suut,
727 2129 776 2197 ita
805 2131 903 2198 etiam
935 2151 1067 2217 casuum
1090 2132 1162 2198 usui
1183 2151 1254 2213 pers

86 2234 244 2314 quirendo
259 2235 478 2318 grammatica
493 2234 725 2321 comparativa,
750 2253 832 2318 quae
846 2243 994 2323 vocatur,
1017 2235 1153 2303 multum
1172 2236 1253 2302 lucis

86 2346 136 2405 est
156 2341 301 2406 allatum.
338 2340 554 2422 Antiquorum
570 2341 655 2408 enim
670 2341 755 2408 ratio
771 2342 1067 2427 grammaticorum,
1093 2341 1156 2426 qui,
1181 2361 1253 2406 cum

87 2465 127 2512 ex
149 2447 228 2513 sola·
241 2444 356 2530 lingua
378 2465 499 2529 graeca
522 2452 555 2514 et
569 2447 673 2513 latina
689 2446 976 2514 conformationem
992 2467 1031 2514 ac
1052 2450 1253 2514 structuram

85 2553 203 2618 harum
224 2551 411 2634 linguarum
433 2552 603 2634 percipere
626 2557 723 2633 atque
745 2552 931 2636 intelligere
952 2556 1163 2637 temptarent,
1188 2571 1252 2617 non

86 2659 191 2740 magis
216 2656 378 2742 casuales,
412 2676 507 2736 quam
536 2656 619 2722 alias
650 2657 856 2736 quaestiones
879 2658 1066 2739 persolvere
1087 2665 1251 2744 poterant,

86 2761 303 2828 recentiorum
326 2760 443 2827 studiis
467 2765 616 2826 correcta
646 2765 679 2826 et
710 2761 902 2842 quibusdam
932 2761 966 2826 in
996 2763 1146 2843 partibus
1170 2783 1252 2830 com=

86 2871 214 2933 mutata
236 2871 295 2932 est.

191 2973 300 3053 Atque
331 2969 493 3052 scripturo
523 2971 603 3038 mihi
631 2972 671 3038 de
701 2971 848 3055 genetivi
877 2972 989 3058 graeci
1011 2991 1090 3058 usu,
1125 2972 1158 3038 si
1176 2972 1252 3039 huic

87 3075 147 3142 toti
170 3077 354 3157 quaestioni
376 3076 567 3143 satisfacere
590 3077 716 3161 vellem,
741 3082 915 3158 antequam
931 3078 973 3144 ad
989 3097 1061 3144 eam
1082 3078 1251 3144 tractatio

87 3201 168 3266 nem,
194 3201 291 3263 quam
314 3182 513 3249 recentiores
530 3182 737 3266 grammatici
759 3182 794 3247 in
813 3201 950 3248 casuum
972 3181 1131 3264 imprimis
1155 3201 1251 3265 geno

87 3287 146 3356 tivi
167 3305 229 3353 usu
252 3287 474 3371 cognoscendo
497 3288 660 3370 persecuti
676 3293 762 3374 sunt,
785 3287 970 3374 transirem,
994 3287 1130 3354 istorum
1145 3305 1251 3371 granr

87 3395 286 3478 maticorum,
303 3393 359 3474 qui
370 3393 470 3476 vulgo
481 3393 651 3460 localistac
663 3398 831 3478 vocantur,
849 3394 890 3460 de
905 3393 1034 3460 casibus
1048 3393 1251 3474 maximeque

88 3501 126 3566 de
141 3500 293 3583 genetivo
310 3498 460 3564 doctrina
475 3499 660 3566 accuratius
675 3499 893 3566 examinanda
909 3517 948 3565 ac
962 3497 1138 3566 refutanda
1153 3503 1249 3582 esset,

89 3626 180 3688 quam
203 3603 307 3670 secuti
328 3604 461 3670 notione
484 3604 630 3688 genetivi
652 3604 686 3669 id
709 3604 847 3686 exprimi
870 3605 1039 3688 dixerunt,
1064 3623 1084 3670 a
1107 3621 1169 3683 quo
1192 3602 1251 3668 alis

89 3713 162 3794 quid
184 3709 454 3794 proficisceretur.
500 3710 564 3776 Sed
591 3729 662 3776 eam
676 3709 827 3791 persequi
850 3729 922 3776 cum
943 3709 994 3775 his
1009 3707 1111 3774 arctis
1133 3707 1250 3774 finibus

88 3837 149 3884 non
170 3817 270 3882 liceat
293 3821 324 3882 et
357 3817 399 3882 ab
430 3814 488 3898 iis,
525 3813 607 3895 quae
638 3815 731 3881 nobis
762 3813 1004 3899 proposuimus
1039 3811 1169 3897 longius
1191 3832 1251 3880 nos

89 3926 205 4008 trahat,
229 3921 361 3986 missum
383 3921 417 3987 iu
440 3919 616 4006 faciamus,
648 3922 842 4002 praesertim
865 3938 937 3985 cum
959 3920 1040 3987 satis
1062 3925 1174 3986 notum
1196 3919 1249 4004 sit,

91 4048 179 4110 quam
213 4027 397 4094 artificiosis
429 4045 468 4092 ac
498 4025 662 4108 perversis
692 4026 874 4093 rationibus
904 4025 1074 4092 localistac
1103 4029 1249 4108 utantur,

90 4140 123 4200 ut
144 4151 300 4201 summum
325 4133 442 4199 bonum
459 4132 507 4198 ab
530 4131 673 4214 antiquis
696 4130 920 4214 grammaticis
951 4135 1155 4212 susceptum,
1185 4134 1250 4192 ten

90 4241 204 4307 minum
229 4239 301 4304 dico
324 4240 449 4318 πόθεν,
471 4237 624 4320 religiose
646 4243 849 4306 conservent.
884 4235 954 4315 Quo
977 4233 1011 4298 in
1027 4251 1147 4314 genere
1169 4231 1250 4296 satis

1058 4338 1071 4388 1
