2970 4754
680 329 728 398 39

122 525 266 592 transire
288 527 394 609 potuit
416 529 529 595 eadem
552 530 696 615 ratione,
722 536 864 613 que-deu
886 528 1036 597 suffixum
1059 530 1196 599 ablativi
1218 537 1288 600 tan:

121 638 189 698 turn
213 633 380 714 proprium
402 634 501 700 etiarn
525 623 671 719 genetivi
692 637 766 706 vice
787 636 946 719 iungitur.

228 737 319 819 Quae
342 739 449 805 onmia
472 741 611 810 sirecte
635 743 880 826 disputavimus,
905 745 941 806 ut
960 741 1029 826 jam
1049 742 1090 807 ad
1107 744 1287 824 exemplum

122 842 242 909 διὰδὲ
266 844 457 930 στήθεσφιν
480 843 624 914 ἔλασσεν
646 851 833 934 redeamus,
865 866 929 914 non
961 866 1040 928 opus
1064 866 1133 915 esse
1156 849 1286 915 videtur

122 953 314 1034 στήθεσφιν
343 949 622 1020 instrumentalem
656 955 792 1022 formam
825 959 950 1036 putare.
1005 954 1106 1019 Immo
1140 972 1218 1023 vero
1253 955 1286 1020 in

121 1053 268 1138 genetivi
290 1054 364 1137 puri
380 1057 580 1136 prouinciam
596 1080 666 1126 eam
689 1081 801 1129 vocem
815 1059 940 1126 referre
954 1059 1040 1140 lieet,
1065 1066 1101 1124 ut
1116 1061 1287 1142 genetivus

121 1161 346 1243 dependente
375 1161 472 1229 locali
502 1182 580 1230 oesu
602 1166 635 1231 in
667 1166 726 1233 διὰ
757 1165 996 1248 praepositione
1024 1165 1164 1249 latente,
1198 1167 1287 1250 eujus

120 1267 226 1332 t'orma
249 1267 443 1333 secundaria
473 1270 543 1335 διαὶ
570 1273 656 1353 apud
679 1273 876 1354 Aeschylum
899 1275 1029 1338 servata
1059 1270 1171 1337 loealis
1194 1291 1287 1338 casus

120 1372 263 1456 uestigia
286 1378 400 1454 aperte
423 1393 503 1455 prae
526 1395 561 1442 se
583 1377 656 1443 fert.
703 1378 750 1444 ef.
774 1377 878 1444 Curtii
902 1374 1089 1462 explieattf
1113 1397 1188 1462 pag.
1215 1380 1287 1444 176.

226 1479 302 1544 Jam
325 1497 403 1546 vero
427 1486 463 1546 ut
478 1480 519 1547 de
535 1482 608 1549 aliis
630 1483 791 1566 genetiuis
809 1483 1110 1576 instrumentalibus
1134 1483 1289 1565 discepte

120 1605 209 1669 mus,
234 1586 472 1654 Delbrueekius
501 1588 687 1670 genetivum
718 1588 960 1670 praepositione
989 1589 1074 1671 μετά
1105 1589 1287 1669 praeditum

121 1692 251 1758 dubitat
281 1692 331 1758 his
363 1709 593 1776 annumerare,
626 1713 696 1758 oum
727 1694 874 1775 equidem
897 1693 928 1758 in
953 1695 1014 1758 hoo
1036 1693 1105 1775 ipso
1136 1695 1287 1777 genetivo

120 1805 246 1863 eertum
268 1807 494 1880 argumentum
516 1798 721 1864 transitionis
738 1819 831 1865 casus
855 1799 1112 1866 instrumentalis
1135 1800 1169 1864 in
1192 1819 1287 1883 gene

120 1903 226 1970 tivum
249 1902 357 1970 factae
380 1904 543 1972 invenisse
572 1904 651 1969 mihi
677 1905 802 1970 videar.
848 1905 1052 1986 Praepositio
1084 1905 1169 1970 euim
1190 1915 1286 1988 μετά,

120 2027 194 2073 oum
219 2013 321 2072 λοιολι·
342 2010 470 2090 quidem
484 2029 581 2076 sensu
592 2011 660 2092 jam
678 2010 823 2076 dativum
838 2011 892 2077 vel
906 2010 1012 2091 potius
1027 2009 1162 2076 localem
1178 2029 1287 2076 casum

120 2113 326 2180 assumsisset
357 2113 408 2200 (ut
430 2121 483 2195 A,
515 2116 574 2179 64:
606 2114 661 2178 ὁτὲ
684 2116 748 2196 μέν
771 2141 806 2178 τε
828 2113 913 2198 μετὰ
937 2115 1100 2198 πρώτοισι
1127 2115 1283 2198 φάνεσκε,

120 2217 241 2283 ἄλλοτε
253 2219 319 2284 δ”ἐν
335 2221 532 2302 πυμάτοισι,
556 2225 594 2300 K,
616 2221 698 2284 250:
721 2219 789 2304 μετ’
799 2219 953 2306 Ἀργείοις
965 2219 1154 2306 ἀγορεύεις),
1181 2239 1285 2288 sermo

8 2345 9 2348 ¹
116 2324 215 2390 insito
231 2331 329 2405 atque
340 2325 453 2390 innato
465 2327 602 2407 quodam
615 2326 838 2410 distinguendi
849 2325 956 2392 studio
970 2325 1129 2390 adductus
1142 2363 1185 2372 -
1198 2327 1282 2406 quod

117 2431 149 2496 in
174 2430 248 2496 aliis
272 2449 395 2510 qrroque
417 2431 632 2498 locutionibus
655 2453 816 2514 apparere
838 2432 924 2498 inter
947 2450 1056 2496 omnes
1089 2438 1216 2498 constat
1238 2469 1281 2478 -

115 2533 202 2618 μειᾰ
238 2535 510 2617 praepositionem
542 2543 701 2602 sociative
736 2539 770 2607 vi
805 2537 987 2618 praeditum
1021 2555 1093 2602 eum
1128 2537 1279 2619 genetivo

117 2641 300 2727 conjunxit,
333 2641 451 2723 quippe
481 2641 536 2722 qui
563 2643 806 2710 instrumentali
837 2650 923 2710 esset
953 2644 1070 2710 affinis
1123 2644 1281 2726 llxempla

117 2753 193 2814 suut
214 2749 310 2812 haee:

162 2859 203 2934 N,
227 2855 307 2918 700:
330 2850 414 2935 μετὰ
430 2858 587 2919 Βοιωτῶν
607 2855 772 2939 ἐμάχοντο
787 2853 808 2920 1.
826 2874 852 2921 e.
871 2854 1035 2938 conjuncti
1051 2871 1124 2920 cuin
1139 2853 1281 2919 Boeotiis

331 2962 523 3042 pugnabant

167 3071 208 3144 Φ,
225 3065 306 3130 458:
331 3065 409 3130 οὐδὲ
432 3065 509 3148 μεθ’
533 3067 642 3150 ἡμέων
666 3071 770 3152 πειρᾷ

162 3174 205 3252 Ω,
227 3173 308 3236 4001
331 3175 397 3234 τῶν
418 3169 506 3253 μετὰ
530 3170 741 3254 παλλόμενος

69 3345 72 3352 ,
159 3306 196 3358 κ,
226 3279 305 3344 320:
328 3273 396 3357 μετ’
422 3269 532 3339 ἄλλων
555 3274 632 3353 λέξο
657 3276 798 3361 ἑταίρων

139 3405 142 3411 ·
162 3408 198 3467 ρ,
228 3387 307 3450 14οε
329 3381 416 3465 μετὰ
440 3382 558 3464 δμώων
581 3386 658 3448 πῖνε
681 3383 736 3446 καὶ
760 3375 861 3466 ἧσθε.

160 3488 219 3574 (A,
246 3492 305 3555 51:
325 3490 404 3572 ’μεθ’
430 3490 576 3575 ἱππήων,
600 3490 657 3556 ubi
680 3492 787 3554 exstat
810 3485 904 3553 varia
927 3485 1023 3550 leutio
1045 3487 1138 3574 μέγ’.)

222 3595 515 3662 Animadversione
545 3603 654 3661 autom
685 3593 819 3677 dignum
851 3611 889 3657 ae
919 3591 1062 3656 notabile
1087 3600 1154 3678 est,
1187 3597 1280 3681 quod,

115 3705 270 3782 quantum
293 3699 439 3781 equidem
461 3699 582 3785 inveni,
606 3700 682 3766 solis
705 3700 755 3782 iis,
780 3715 858 3779 qnos
874 3696 980 3781 attuli,
1005 3697 1083 3762 loeis
1098 3699 1184 3781 μετὰ
1210 3719 1280 3766 eum

116 3805 267 3888 genetivo
291 3806 496 3889 eonjunotnm
528 3805 561 3870 in
592 3805 789 3870 carminibus
813 3801 994 3868 Homericis
1019 3803 1193 3872 invenitur.
1241 3808 1280 3872 ln

116 3911 295 3994 posteriore
319 3910 446 3992 quidem
468 3910 582 3994 lingua
604 3909 657 3976 hio
672 3906 929 3976 instrumentalis
952 3909 1096 3990 genetivi
1120 3929 1196 3977 usus
1219 3913 1281 3978 lie

115 4016 341 4099 quentissimus
353 4016 459 4082 faetus
471 4016 629 4082 latissime
640 4021 742 4100 patet,
755 4020 792 4080 ut
800 4014 930 4097 Lysll,
944 4016 987 4079 55
997 4043 1003 4082 :
1015 4017 1100 4100 μετὰ
1114 4016 1278 4082 πλείστων

116 4125 229 4188 πόνων
242 4123 298 4187 καὶ
314 4123 446 4206 ἀγώνων
461 4122 644 4207 ἐλευθέρων
659 4121 824 4208 ἐποίησαν
838 4119 898 4204 τήν
909 4121 1065 4187 Ἑλλάδα.
1103 4125 1202 4189 Thur.
1221 4125 1277 4206 VI,

115 4229 174 4295 28:
204 4229 273 4312 ped
299 4231 390 4297 οἴνου
411 4230 467 4294 καὶ
490 4230 631 4302 παιδιᾶς
653 4225 765 4314 (,beim
788 4225 887 4315 Wein
909 4226 975 4290 und
998 4226 1042 4292 im
1066 4227 1222 4316 Scherz‘)‚
1247 4229 1280 4294 in

1085 4332 1123 4385 3*
