2970 4754
651 302 697 370 at

83 495 279 580 explanatio
301 496 433 567 minime
463 516 534 568 esse
562 499 643 570 milri
672 500 812 570 udan.
857 502 1037 572 Praeterea
1063 507 1172 588 autem
1193 525 1256 587 qno
1354 569 1356 574 .

84 602 184 668 modo
207 607 334 670 ceteros
355 602 552 688 ‚genetivum
583 610 620 672 ut
644 611 816 695 νηνεμίης,
846 613 912 674 τοῖν
943 610 1112 696 προτέρων
1144 610 1255 693 ἐτέων,

86 707 177 794 ἀωρὶ
197 711 323 773 νυκτῶν
346 708 437 793 alios,
460 708 495 774 in
518 709 632 790 qnibtns
656 712 810 794 exemplis
833 719 946 796 aptum
965 715 1257 800 substantivume

87 833 153 896 quo
176 816 348 897 genetivus
370 814 528 898 pendeat,
551 815 697 896 reperire
719 816 912 898 perdifficile
934 823 984 894 est
1006 819 1060 887 vel
1081 838 1146 892 non
1168 820 1255 905 licet,
1299 871 1304 882 .

85 917 249 1000 imprimis
271 924 379 986 autem
410 940 471 1003 quo
504 921 597 989 modo
626 921 700 988 illos
722 924 908 1010 genetivos,
942 923 997 1007 qui
1026 924 1060 994 in
1092 924 1257 994 adverbiis
1336 917 1341 922 ’

85 1023 152 1091 1οοί
186 1029 334 1109 exstant,
364 1024 534 1108 geneuvos
561 1031 676 1110 τοίχου
683 1075 693 1108 ,
725 1028 825 1111 ἁλός,
855 1018 1106 1117 adunaretur,
1137 1030 1192 1110 qui
1222 1030 1257 1096 iu

87 1130 247 1214 exemplis
269 1129 333 1198 illis
355 1130 537 1198 Homericis
560 1131 787 1219 inveniuntur,
818 1133 990 1218 explanari
1011 1132 1086 1202 vis?
1131 1135 1257 1200 Horum

88 1237 317 1320 genetivorum
350 1233 418 1302 um
440 1237 653 1318 ,grammatici
682 1244 740 1304 aut
771 1239 963 1323 intellegere
996 1239 1258 1322 cogitationeque

89 1341 365 1424 comprehendere
379 1359 444 1407 non
458 1346 635 1422 potuerunt
646 1343 699 1411 vel
709 1344 892 1431 noluerunt,
917 1365 989 1412 cnm
1002 1345 1085 1412 satis
1096 1346 1257 1414 haberent

89 1448 201 1513 dicere
229 1447 288 1512 hos
318 1446 487 1530 genetivus
518 1465 588 1513 esse
617 1449 786 1531 genetivus
816 1450 880 1516 loci
908 1450 962 1518 vel
991 1450 1165 1536 temporis,
1199 1457 1258 1518 aut

90 1552 236 1636 quisquis
259 1571 314 1618 eos
336 1552 534 1636 intellegere.
550 1558 684 1622 conatus
699 1559 759 1638 est,
782 1573 843 1622 sua
861 1560 977 1639 sponte
991 1555 1026 1622 in
1040 1575 1145 1626 meam
1159 1557 1258 1624 ratio

90 1679 164 1726 nem
187 1658 314 1726 incidit.
359 1659 443 1724 Nam
466 1677 508 1726 ex
522 1658 841 1726 usitatanostrornm
856 1661 1141 1745 grammaticorum
1159 1662 1258 1730 iuter·

89 1764 278 1847 pretatione
299 1763 428 1830 illorum
450 1764 675 1848 genetivorum
697 1765 748 1833 vis
770 1765 819 1833 ita
841 1767 1019 1834 constituta
1048 1772 1114 1852 est,
1144 1773 1182 1834 ut
1204 1787 1258 1851 ge

89 1871 224 1940 nctivus
246 1869 389 1950 spatium
419 1870 565 1940 indicare
594 1872 774 1957 diooreurr,
805 1873 853 1940 in.
869 1873 961 1957 cnjus
989 1871 1106 1940 tinibus
1134 1872 1258 1954 aliquid

91 1980 295 2045 versaretur.
341 1972 412 2055 Qua
435 1976 476 2042 de
497 1977 625 2044 ratione
642 1978 712 2061 jam
734 1991 835 2060 supra
855 1996 931 2061 pag.
957 1979 997 2043 18
1021 1977 1169 2044 diximus.

196 2082 238 2148 In
269 2079 373 2146 latina
401 2080 516 2164 lingua
544 2081 657 2148 localis
686 2101 779 2150 casus
809 2083 956 2166 genetivi
987 2083 1092 2153 forme
1124 2103 1258 2166 prorsus

89 2189 225 2254 indutus
248 2192 395 2268 apparet.
441 2187 586 2254 Notuudi
607 2188 765 2270 imprimis
787 2193 864 2258 sunt
890 2188 1010 2276 locales
1040 2190 1145 2276 domi,
1169 2190 1256 2275 balli,

90 2295 240 2380 militiae,
263 2294 396 2377 Romae,
420 2292 568 2361 Corinthi
591 2294 688 2382 (quae
710 2294 834 2362 formae
855 2295 905 2362 ita
927 2301 1020 2364 ortae
1042 2301 1134 2381 sunt,
1158 2301 1195 2362 nt
1218 2314 1259 2362 ex

88 2401 204 2470 bello-i
226 2399 383 2469 evaderet
399 2399 503 2484 bellai,
526 2400 612 2486 belli,
637 2421 678 2468 ex
691 2401 808 2470 Romal
822 2401 979 2470 evaderet
992 2401 1140 2488 Romae).
1162 2401 1257 2468 soe

90 2598 205 2652 ticulum
230 2595 387 2650 illocalem
416 2612 508 2650 casum
528 2597 619 2668 stirpis
638 2597 833 2672 pronominalis
850 2597 920 2665 ,τοτ’
946 2610 1006 2650 esse
1032 2595 1136 2650 docuit.
1175 2592 1256 2660 Quod

90 2687 285 2757 comprobatur
305 2688 508 2754 comparatione
527 2686 627 2739 latinae
645 2685 796 2752 particulae
821 2683 865 2750 ,ai‘
883 2685 929 2738 vel
946 2685 1017 2753 ,ai-c‘
1039 2713 1068 2722 -
1090 2692 1118 2749 (o
1139 2693 1180 2736 est
1199 2683 1255 2736 sui-

91 2779 186 2842 tixum,
205 2787 235 2828 ut
253 2775 281 2827 in
300 2774 368 2841 hi-o,
387 2775 478 2840 hae-c,
498 2773 586 2840 lio-c),
607 2775 685 2844 cujus
698 2771 757 2842 ,sic‘
769 2771 864 2826 Festus
881 2789 909 2842 p.
928 2773 983 2826 o34
1001 2773 1121 2841 priscam
1142 2765 1256 2826 sormam

88 2865 180 2936 ‚aad
198 2863 285 2918 affert.
313 2863 476 2918 Primariam
494 2864 577 2935 igitur
589 2863 788 2933 particularum
806 2869 827 2916 et
845 2871 872 2916 et
889 2861 933 2931 ,τί
951 2860 1178 2932 significationem
1197 2875 1256 2914 cam

92 2956 178 3010 tuisse
195 2961 279 3023 puto,
297 2959 328 3007 ut
347 2951 543 3024 significarent:
568 2955 626 3023 ,sot
662 2951 767 3006 lisdem
787 2952 870 3024 igitur
889 2954 917 3007 vi
937 2951 1080 3022 praeditae
1098 2959 1175 3016 sunt,
1201 2966 1256 3021 qua

91 3043 265 3117 germanicae
283 3043 438 3112 particulae
455 3043 529 3111 ,ευτ’
545 3048 572 3097 et
587 3042 646 3112 ,adt
673 3057 744 3112 quae
768 3041 804 3095 ad
824 3043 938 3096 eandem
956 3043 1068 3113 stirpem
1087 3041 1157 3108 ,τοτ’
1176 3055 1257 3096 revo-

92 3137 196 3190 candae
215 3144 286 3188 sunt.
322 3133 352 3186 ln
371 3139 464 3188 nostro
484 3146 596 3202 quoque
620 3147 745 3186 sermone
763 3131 901 3202 particula
918 3133 969 3200 ,so‘
986 3133 1027 3186 ita
1045 3131 1155 3194 utimur,
1175 3135 1205 3180 ut
1222 3131 1257 3184 sit

92 3225 231 3295 particula
250 3222 372 3289 optativa
397 3225 449 3288 (,so
468 3222 563 3276 wolltc
587 3220 632 3273 ich
658 3221 763 3288 doch‘),
785 3221 962 3275 adhortativa
989 3223 1042 3286 (so
1068 3219 1140 3272 trink
1166 3219 1256 3289 doch‘,

91 3322 112 3369 ol
129 3314 200 3381 d’ciyr
219 3328 258 3379 ,so
276 3311 364 3366 mach’
384 3310 485 3379 doch‘),
504 3310 699 3365 conditionalis
718 3311 790 3376 (plaz
808 3309 860 3362 wir
877 3310 904 3363 in
924 3311 987 3363 dem
1006 3308 1070 3362 tdde
1088 3310 1207 3375 sweben,
1225 3310 1256 3364 ad

92 3405 144 3457 vir
162 3404 234 3458 aliar
251 3402 327 3456 beate
353 3416 465 3456 wacneu
491 3400 580 3453 leueu‘
607 3418 630 3455 a.
650 3400 740 3453 Heinr.
760 3398 810 3468 963
835 3413 874 3463 ,so
892 3399 1012 3453 demand
1038 3399 1131 3454 Gottes
1151 3399 1257 3453 Willen

92 3497 141 3547 tnt‘
161 3494 189 3546 in
210 3491 289 3547 libris
305 3493 409 3554 sacris).
448 3491 479 3548 G.
498 3489 593 3556 Curtii,
612 3489 781 3556 Aufreclrtii,
801 3488 918 3543 aliorum
943 3488 1075 3543 rationem
1099 3489 1199 3554 secuti,
1223 3503 1258 3543 ex

94 3599 151 3656 qua
169 3582 330 3652 temporalis
347 3583 510 3653 significatio
528 3581 681 3650 particulae
700 3579 863 3650 etprimaria
873 3584 921 3644 est,
935 3577 1093 3631 universum
1108 3577 1257 3645 particulae

92 3691 171 3730 usum
193 3671 426 3743 comprehendere
444 3687 498 3728 non
516 3685 663 3741 possumus
683 3669 729 3736 (ci.
744 3672 773 3736 Γ,
788 3667 848 3736 tao,
868 3669 903 3724 de
923 3681 978 3737 quo
998 3667 1060 3722 loco
1073 3664 1184 3720 coruus
1203 3667 1258 3736 egit

93 3764 224 3832 ,Studieu‘
243 3765 263 3829 1,
283 3763 308 3829 2,
329 3780 355 3831 p.
375 3763 447 3832 286).

198 3853 234 3908 Ut
257 3852 340 3924 igitur
365 3852 398 3906 ad
428 3851 569 3924 genetivos
593 3849 664 3919 ἠοῦς,
693 3856 739 3904 τῶν
767 3845 892 3920 προιίρονζ
918 3848 986 3899 ίιίον
1018 3851 1070 3898 oet.
1096 3845 1257 3912 rediremus,

94 3943 203 4014 ellipsin
223 3957 447 4013 agnosceremus,
472 3941 496 3993 si
513 3955 567 3994 uno
587 3947 692 3994 tantum
711 3939 773 3992 loco
792 3936 994 3990 suistsntivunr
1015 3931 1145 4006 aliquod,
1165 3949 1180 3987 e
1202 3950 1258 4005 quo

94 4034 237 4107 genetivus
255 4031 377 4102 pendere
398 4031 507 4094 dicitur,
526 4028 650 4084 additum
670 4036 748 4094 esset,
768 4023 852 4091 (utin
872 4025 990 4082 dictione
1008 4026 1034 4078 lv
1052 4024 1137 4094 δόμοις
1149 4022 1257 4092 idiunt:
1342 4078 1348 4087 ,

95 4125 170 4196 quod
197 4123 258 4178 fleri
285 4121 420 4188 debebat,
446 4121 471 4174 si
497 4127 570 4175 recte
592 4118 781 4192 Judioavimua
810 4114 922 4186 ellipsin
951 4117 1015 4172 oriri
1047 4116 1155 4168 demum
1185 4113 1258 4180 apud

94 4215 250 4270 Homerum.
1065 4290 1082 4343 2
