2970 4754
760 275 809 344 30

202 474 266 542 Sed
290 474 388 542 etiam
403 473 540 542 formam
554 475 700 558 genetivi
714 474 748 542 in
773 475 807 559 ,e‘
823 473 878 544 vel
889 472 947 558 ,cci
963 470 1113 540 exeuntis
1133 490 1206 538 oum
1221 469 1372 540 ablativo

201 579 377 663 singularis
391 579 517 646 numeri
539 588 712 664 cognatam
728 599 799 648 esse
813 579 878 648 viri
893 577 981 646 docti
998 579 1068 662 J'am
1082 577 1165 644 satis
1187 577 1371 644 luculenter

202 684 470 772 exposuerunt*).
528 686 682 770 Accedit,
721 685 806 767 quod
835 685 935 752 etiam
965 703 983 749 e
1018 682 1146 765 legibus
1174 681 1369 764 phoneticis,

203 808 285 870 quae
299 789 334 856 in
356 789 470 873 lingua
485 809 605 874 graeca
626 791 748 875 valent,
772 789 936 858 ablativus
951 789 985 855 iu
1006 788 1194 872 genetivum
1208 787 1370 854 transiret

202 914 333 962 necesse
354 901 436 962 erat.
471 896 670 962 Terminatio
689 896 774 962 enim
797 894 934 962 ablativi
950 893 1103 960 sanseriti
1126 899 1176 960 est
1191 892 1259 976 μί,
1284 893 1368 974 qnod

201 999 236 1066 in
259 1019 379 1083 graeca
399 1001 514 1085 lingua
535 1001 628 1084 inco,
655 1002 760 1082 ipsam
782 1000 907 1068 scilicet
930 998 1074 1083 genetivi
1094 997 1366 1081 terminationem,

202 1104 392 1173 mutandum
414 1111 496 1173 erat
1104 1135 1106 1139 ·

155 1222 160 1228 '
306 1211 414 1292 Atque
436 1219 472 1277 ut
491 1213 560 1296 jam
583 1211 727 1278 adfines
750 1210 1064 1296 genetivi-ablativi,
1095 1215 1132 1276 ut
1154 1210 1264 1293 ajunt,
1297 1227 1369 1276 cons

203 1314 382 1382 stituendos
397 1316 688 1401 transgrediamur,
709 1337 779 1382 cum
795 1315 1033 1382 Delbrueckius
1048 1316 1069 1383 l.
1086 1316 1107 1380 l.
1124 1315 1369 1382 accuratissime

203 1420 288 1486 huuc
321 1439 414 1486 usum
444 1421 589 1504 genetivi
622 1423 789 1506 amplexus
817 1423 878 1507 sit,
914 1424 1032 1500 verba,
1067 1436 1149 1502 quae
1179 1439 1251 1488 enm
1282 1439 1369 1502 gen-

203 1526 348 1594 ablativo
364 1528 613 1613 conjunguntur,
638 1530 719 1596 satis
734 1535 784 1596 est
805 1547 995 1595 enumerare
1011 1531 1043 1592 et
1066 1544 1138 1592 cum
1152 1526 1243 1592 nulla
1266 1543 1370 1606 paene

152 1702 154 1706 .
204 1631 426 1698 contoversia
449 1633 501 1716 sit,
525 1633 585 1698 hoc
607 1653 709 1716 genus
732 1633 957 1716 genetivorum
980 1631 1092 1714 paucis
1115 1649 1317 1711 perornrere.

307 1735 543 1803 Delbrneckius
558 1735 660 1820 igitur
675 1737 823 1820 generali
843 1736 969 1802 notioni
984 1735 1210 1819 separationis,
1235 1736 1369 1816 quaein

204 1839 349 1907 ablativo
366 1847 425 1926 est,
450 1861 505 1908 eas
519 1842 677 1926 notiones,
701 1862 783 1922 quae
799 1848 836 1908 ut
851 1841 1001 1926 singulae
1015 1841 1230 1922 separationis
1244 1841 1370 1922 species

203 1946 307 2027 accipi
338 1954 489 2033 possunt,
524 1949 721 2032 subjungens
751 1949 832 2014 haec
861 1948 931 2016 fere
964 1947 1067 2016 verba
1097 1947 1369 2032 gen-ablativum

204 2069 312 2116 seeum
334 2053 455 2120 habere
478 2054 573 2120 dicit:

311 2155 344 2242 1)
367 2159 469 2223 verba
491 2159 652 2243 veniendi,
676 2159 842 2242 surgendi,
866 2149 1072 2243 egrediendi,
1101 2157 1245 2243 cedendi,
1271 2161 1370 2227 abste

204 2259 312 2344 nendi,
335 2259 483 2343 fugiendi
505 2263 558 2330 vel
583 2264 734 2347 pellendi,
757 2263 926 2345 privandi:
950 2283 1085 2345 quorum
1108 2283 1200 2330 usum
1222 2265 1370 2347 pluribus

204 2364 358 2447 exemplis
380 2366 548 2434 illustrare
569 2387 845 2450 supervacaneum
868 2374 928 2434 est.

307 2470 430 2538 Eodem
453 2473 689 2540 Delbrueokius
718 2472 822 2540 refert
852 2473 950 2541 etiam
981 2474 1154 2540 dictionem
1183 2475 1273 2542 illam
1304 2477 1369 2544 H02

204 2575 365 2659 maricam,
390 2595 472 2658 quae
495 2584 604 2645 exstat
626 2587 670 2665 A,
693 2579 774 2646 547:
797 2581 876 2665 γόνυ
896 2581 1011 2665 γουνὸς
1034 2579 1188 2664 ἀμείβων,
1222 2585 1255 2646 et
1277 2589 1369 2649 recte

205 2678 350 2764 quidem,
382 2683 439 2748 sed
462 2692 654 2768 argumento
683 2705 748 2753 non
771 2687 892 2753 addito.
937 2687 1078 2754 Verbum
1110 2685 1194 2750 euim
1218 2685 1371 2773 ἀμείβειν

204 2783 258 2849 vel
279 2783 485 2871 ἀμείβεσθαι
506 2792 641 2873 propria
658 2792 693 2862 vi
715 2792 890 2874 separandi
911 2790 1075 2857 notionem
1097 2791 1206 2874 habet,
1230 2811 1303 2858 cum
1326 2793 1370 2859 ad

206 2888 363 2972 originem
396 2895 547 2962 movendi
576 2897 761 2962 reducenda
791 2897 851 2980 sit,
886 2895 915 2960 si
945 2895 1072 2976 quidem
1096 2896 1226 2962 Curtius
1250 2895 1368 2982 (clem.

205 2996 389 3081 etymolog}
407 3002 421 3047 ³
436 3018 467 3080 p.
494 2999 573 3086 301)
595 3006 685 3068 recte
703 3001 875 3085 judicavit,
900 3019 971 3066 cnm
994 2999 1144 3086 ἀμείβειν
1159 3003 1203 3068 ad
1224 3002 1370 3068 radicem

176 3164 181 3172 .
206 3101 302 3184 ‚mcc‘
325 3110 504 3190 revocaret,
529 3124 611 3188 quae
632 3106 735 3174 latino
757 3108 857 3175 verbo
881 3107 1025 3191 ,mov-eo‘
1050 3106 1179 3176 inesset
1226 3106 1371 3187 Quodsi

205 3205 253 3272 ita
269 3214 329 3292 est,
342 3208 491 3294 ἀμείβειν
506 3211 655 3293 primitus
670 3213 751 3278 nihil
763 3213 853 3279 aliud
864 3211 1035 3296 significat,
1051 3212 1124 3299 nisi,
1136 3214 1369 3281 verschieben.‘

206 3311 347 3378 Dubium
370 3313 471 3396 igitur
500 3334 564 3381 nou
588 3323 653 3403 est,
685 3317 761 3399 quin
784 3318 955 3401 genetivus
976 3317 1094 3401 γουνὸς
1122 3339 1183 3400 pro
1204 3321 1370 3402 genetivo·

206 3416 351 3484 ablativo
373 3419 540 3487 habendus
560 3422 613 3507 sit,
638 3430 671 3490 et
693 3443 764 3489 cum
787 3443 866 3491 vooe
887 3423 965 3507 γόνυ
980 3422 1122 3504 repetita
1144 3429 1177 3490 et
1199 3426 1270 3491 sine
1292 3427 1370 3493 artis

206 3521 277 3588 culo
292 3521 399 3604 posita
412 3525 601 3593 vicissitudo
626 3529 736 3609 aliqua
749 3547 904 3610 expressa
919 3527 963 3596 sit
980 3524 1031 3613 (ut
1042 3527 1077 3593 in
1092 3528 1196 3596 latina
1212 3530 1369 3600 dictione:

207 3647 330 3712 ,manus
352 3649 481 3697 manum
503 3632 637 3720 lavat‘),
657 3635 725 3718 jam
746 3633 948 3716 intellegitur
969 3633 1027 3700 illu
1041 3635 1145 3701 verba
1169 3635 1370 3718 significare:

208 3732 270 3815 ,ein
299 3733 384 3801 Knie
414 3757 478 3805 von
502 3737 573 3804 dem
603 3739 746 3804 anderen
777 3738 997 3806 verschieben‘
1027 3739 1049 3804 i.
1076 3759 1104 3804 e.
1136 3739 1241 3823 ,beide
1266 3743 1370 3810 Kniee

207 3837 433 3907 abwechselnd
447 3849 609 3912 vorwiirts
633 3843 710 3910 oder
732 3843 916 3910 riickwttrts
932 3846 1064 3910 semen}
1097 3844 1221 3913 Eadem
1243 3848 1370 3916 ratione

206 3943 386 4030 genetivus
411 3949 466 4028 qui
481 3950 576 4032 Soph.
592 3951 644 4035 Aj.
662 3949 743 4016 208:
765 3955 802 4014 τί
821 3948 1048 4035 ‹fictili-arcae
1070 3953 1128 4036 τῆς
1146 3948 1282 4034 ἠρεμίας
1306 3955 1369 4030 νύξ

313 4175 339 4244 *)
360 4174 394 4232 ci.
412 4175 510 4230 stacte
529 4177 548 4234 l.
568 4176 587 4229 L
605 4191 633 4245 p.
653 4177 678 4230 8.
