2970 4754
767 267 809 332 12

207 468 322 550 Lange
343 466 382 534 iis
397 465 517 550 verbis,
540 483 623 546 quae
642 471 757 534 cenna
771 465 811 532 G.
829 462 975 532 Curtium
998 462 1033 528 in
1047 479 1225 552 mugressu
1244 459 1380 542 philolo=

208 591 322 656 gerum
343 570 512 638 llisniensi
534 569 622 654 iecit,
645 571 825 638 luculenter
848 566 1133 654 demonstravitt.

312 677 374 744 His
395 676 497 760 igitur
520 675 649 742 casibus
671 677 724 744 vel
746 676 787 742 iis
810 675 889 758 ipsis
911 673 1142 759 grammaticis,
1170 672 1225 756 qui
1246 671 1381 756 linguas

100 835 104 846 .
208 789 365 868 cognatas
379 785 604 863 comparantes
620 781 726 848 exitus
740 801 872 848 casuum
887 780 965 862 quid
981 785 1089 846 essent
1100 777 1380 861 perquisiverunt,

207 888 320 958 localis
351 887 546 970 significatio
585 887 791 957 concedenda
824 892 882 952 est
936 885 1111 966 Quaeritur
1140 883 1260 967 igitur,
1300 902 1381 948 num

208 995 307 1062 etiem
322 991 467 1078 genetivi
489 991 663 1074 principali
688 991 759 1058 usui
782 990 846 1058 loci
859 991 976 1058 relatio
998 990 1208 1058 attribuendo
1222 989 1276 1056 sit.
1312 987 1382 1054 Sed

204 1101 306 1166 liceat
327 1098 407 1165 mihi
431 1116 536 1179 pauca
558 1096 711 1179 praefari.

312 1204 462 1272 Omnium
477 1201 628 1286 genetivo
651 1205 786 1282 excepto
808 1219 941 1268 casuum
961 1207 1082 1268 natura
1104 1200 1216 1268 aevis
1239 1220 1279 1268 ee
1293 1206 1380 1285 erat,

209 1316 245 1376 ut
268 1329 339 1374 cum
362 1309 472 1376 verbis
495 1308 769 1391 conjungerentur
793 1326 895 1386 eaque
914 1305 1139 1390 conjunctione
1161 1305 1272 1372 varies
1295 1308 1381 1374 mla

209 1417 331 1498 tioneS,
367 1432 450 1496 quae
484 1411 655 1494 unicuique
687 1411 839 1494 propriae
873 1417 987 1496 erant,
1018 1411 1201 1493 exprimere
1233 1417 1378 1493 possent

210 1519 333 1601 Quodsi
352 1519 467 1603 lingue
489 1518 552 1584 sibi
574 1518 771 1585 constitisset
787 1525 820 1584 et
842 1537 898 1584 eas
920 1517 1051 1600 formas,
1075 1535 1156 1598 quas
1170 1519 1381 1588 substantiva

209 1646 281 1694 cum
295 1624 405 1694 verbis
421 1623 639 1708 conjungendi
650 1643 749 1690 censa
763 1623 867 1706 finxit,
884 1629 1072 1690 constanter
1085 1622 1381 1706 convenienterque

209 1732 357 1797 excolere
369 1749 408 1794 ae
419 1727 616 1810 profundere
627 1727 835 1811 perrexisset,
851 1728 950 1796 etiem
962 1729 1005 1795 ad
1016 1729 1146 1800 nomina
1158 1749 1229 1796 cum
1243 1729 1380 1796 nominis
1455 1749 1456 1752 ’

209 1840 269 1904 bus
300 1833 542 1920 conjungenda,
573 1838 610 1898 ut
640 1851 749 1898 omnes
771 1832 964 1918 relationes,
996 1835 1135 1917 quaein
1165 1835 1275 1902 verbis
1305 1855 1379 1902 curn

209 1942 391 2011 nominibus
407 1938 586 2026 conjunctis
601 1938 740 2022 inerant,
757 1938 939 2019 exprimere
952 1947 1072 2025 posset,
1094 1940 1229 2008 totidem
1244 1940 1378 2026 formas,

210 2052 399 2132 procrearet
421 2065 552 2114 necesse
574 2050 668 2130 esset,
693 2049 771 2127 quot
793 2064 887 2112 casus
910 2045 952 2112 ad
974 2048 1077 2114 verba
1099 2066 1170 2115 cum
1194 2047 1379 2114 nominibus
1460 2096 1461 2132 ,

210 2153 436 2239 eonjnngende
455 2151 569 2218 effecit.
617 2150 681 2218 Sed
704 2150 746 2216 ed
775 2155 904 2218 tantem
926 2152 1051 2234 copiam
1081 2152 1380 2236 fecunditatemque
1461 2180 1462 2202 n

209 2261 387 2328 formarum
408 2256 522 2340 lingua
550 2274 615 2322 non
637 2255 789 2337 pervenit
811 2262 844 2322 et
867 2276 977 2332 omnes
1000 2257 1185 2343 relationes,
1213 2279 1294 2342 quas
1316 2262 1378 2326 sub
1462 2309 1463 2312 ,

211 2367 383 2434 verborum
399 2381 471 2428 cum
486 2359 604 2428 ceteris
624 2359 752 2428 casibus
767 2363 1023 2448 conjumctionem
1038 2363 1230 2449 subjecerat,
1255 2365 1382 2434 duobus

211 2471 393 2540 nominibus
417 2465 595 2553 conjunctis
617 2465 712 2532 unius
735 2487 839 2553 casce,
863 2468 1027 2558 genetivi,
1040 2468 1146 2534 forma
1164 2471 1334 2551 expressit.

315 2576 408 2642 Haec
441 2578 550 2640 autem
584 2571 787 2654 disputantes
817 2573 946 2642 silentio
974 2574 1044 2658 jnm
1077 2574 1242 2655 posuimus
1274 2577 1381 2660 ipsum

212 2699 325 2748 verum
340 2676 487 2762 genetivi
501 2696 594 2744 usum
610 2677 752 2747 inveniri
774 2680 808 2746 in
824 2680 1051 2766 conjunctione
1066 2680 1200 2748 duorum
1215 2683 1381 2752 nominum

212 2787 266 2855 vel
295 2782 499 2851 utbreviter
529 2783 635 2851 dicam
657 2785 692 2850 in
722 2786 987 2853 adnominali
1016 2786 1162 2868 genetivi
1183 2805 1252 2854 usu
1296 2789 1382 2858 June

212 2895 322 2958 autem
352 2907 390 2954 ac
420 2888 536 2954 meritc
567 2889 602 2954 id
630 2908 690 2954 nos
720 2889 866 2971 posuisse
894 2908 959 2954 non
990 2890 1092 2955 solum
1122 2892 1260 2974 optimos
1290 2895 1382 2963 viros

213 2991 441 3080 grammaticos
472 2991 687 3060 assentientes
709 2993 802 3060 nobis
824 2995 996 3079 hebemus,
1027 2996 1083 3077 qui
1111 2998 1262 3080 primitus
1284 3019 1382 3084 gene

213 3101 316 3169 tivum
348 3099 383 3166 in
413 3097 610 3166 adnominali
640 3103 768 3173 tentum
798 3118 859 3168 usu
881 3099 980 3168 fuisse
1007 3104 1291 3192 mmgueruntn),
1322 3107 1382 3174 sed

213 3208 312 3274 etiam
342 3205 466 3289 exitus,
497 3223 575 3286 quos
598 3205 769 3289 genetivus
799 3206 834 3271 in
859 3207 973 3290 lingua
1005 3211 1169 3278 sanserite
1197 3214 1313 3297 babet,
1346 3214 1382 3280 id

212 3312 306 3378 nobis
327 3311 446 3378 testari
467 3311 631 3378 videntur.
671 3311 929 3380 Terminationes
953 3313 1048 3398 enim,
1074 3316 1188 3396 quibus
1207 3320 1381 3402 genetivus

213 3415 403 3484 sanseritice
443 3415 619 3499 formatur,
661 3421 737 3482 suut
772 3418 829 3502 ,as‘
872 3424 905 3484 et
936 3420 1050 3504 ,asya‘,
1093 3440 1229 3503 quarum
1274 3426 1382 3494 altera

213 3520 442 3588 terminatione
472 3541 543 3588 cum
578 3520 621 3588 ad
651 3522 765 3605 ,a-so‘
793 3523 981 3590 reducenda
1003 3524 1063 3609 sit,
1094 3528 1153 3611 ,ααί
1176 3527 1258 3594 illud
1280 3531 1381 3598 nomi:

212 3626 319 3694 nativi
333 3627 527 3716 continetur,
551 3647 592 3694 ex
615 3645 676 3708 quo
692 3645 770 3694 casu
792 3629 928 3695 verbum
944 3629 1075 3711 aliquod
1097 3632 1225 3700 renone
1247 3653 1380 3704 casuum

317 3819 343 3886 *l
363 3836 396 3873 ea
416 3835 487 3892 quae
506 3819 597 3888 Longe
617 3817 709 3872 Gurdo
727 3821 873 3888 opposuit,
902 3823 1044 3878 emendate
1064 3825 1137 3893 typis
1156 3822 1294 3894 descripta
1313 3828 1378 3880 actis

214 3923 372 3980 congressus
391 3907 597 3977 philologornm
615 3907 721 3978 adjecta
738 3909 874 3978 iuvenies,
902 3911 949 3966 ubi
970 3913 1025 3966 vid.
1047 3928 1072 3981 p.
1093 3913 1118 3965 5.
1157 3912 1302 3968 Praeterea
1321 3917 1379 3970 vid.

214 3996 310 4064 Boppii
331 3996 441 4051 disseri.
460 3997 495 4050 de
516 4012 592 4065 pron.
612 3997 758 4053 demonstr.
779 4015 947 4073 casurumque
968 4001 1071 4069 origine
1098 4003 1279 4072 conscriptam
1301 4005 1378 4071 (actis

214 4086 300 4141 Arad.
320 4085 431 4140 Bornos.
451 4103 474 4142 u.
497 4085 566 4140 iseo
585 4086 723 4158 iniseriam)
743 4106 770 4159 p.
792 4089 835 4145 77.

318 4174 360 4244 **)
384 4177 418 4232 cl.
437 4175 555 4245 Rumpel
576 4174 754 4242 ‚Cususlebre‘
773 4195 800 4249 p.
822 4179 883 4233 191.
