2970 4754
684 271 824 390 ι10

217 525 469 609 perlustramus,
501 525 543 590 ab
573 522 632 607 iis,
663 543 747 606 quac
777 523 924 590 sensibus
947 520 1210 604 perciperentur,
1239 518 1385 586 homines

217 635 316 701 rudes
347 630 510 716 proiectos
541 648 628 714 esse,
653 629 730 712 ‚qun
761 635 827 713 est,
852 628 907 710 qui
931 645 1055 710 negare
1076 624 1229 712 possit.*)
1275 623 1385 705 Quid?

218 739 302 820 quod
324 757 390 806 non
412 734 516 802 solum
538 734 830 818 significationibus
851 753 984 817 vocum,
1015 731 1073 798 sed
1096 730 1194 798 etiam
1216 729 1331 796 formis
1352 734 1387 796 et

217 844 252 912 in
275 839 490 912 declinatione
505 845 539 906 et
560 840 595 906 in
610 840 839 925 conjugatione
858 857 940 922 quae
958 841 1118 906 vocentur
1138 825 1385 903 occurrentibus

217 949 352 1016 localem
367 946 530 1028 quandam
541 944 705 1012 notionem
719 945 949 1012 inhaerescere
960 941 1111 1027 cognosci
1124 947 1242 1024 potest.
1266 943 1388 1007 Notum

218 1053 303 1120 enim
314 1057 364 1119 est
376 1051 631 1134 praepositiones
642 1048 745 1116 locale
756 1051 917 1132 quoddam
928 1049 1104 1116 continere.
1135 1046 1231 1112 Adde
1246 1047 1333 1127 qnod
1345 1046 1388 1112 ad
1468 1059 1469 1064 ’

150 1141 152 1146 ’
218 1157 440 1242 pronominum
452 1167 577 1237 quoque
589 1154 876 1223 conformationem
890 1155 1018 1238 suffixa,
1043 1169 1125 1235 quae
1136 1151 1274 1216 localem
1283 1151 1388 1217 notio=

218 1282 292 1330 nem
311 1263 382 1346 ,hic‘
399 1261 452 1330 vel
469 1260 555 1344 ,illic‘
572 1261 740 1344 haberent,
763 1261 906 1329 valuisse
918 1261 986 1344 jrun
1000 1258 1129 1325 Pottins
1145 1255 1390 1339 animadvertit,
1468 1301 1469 1328 ,

218 1385 322 1448 neque
353 1365 458 1432 minus
488 1365 524 1431 in
554 1364 702 1449 personis
731 1364 841 1449 verbi,
875 1384 954 1445 quas
984 1363 1113 1446 quidem
1142 1361 1189 1428 nil
1213 1360 1304 1427 aliud
1325 1359 1391 1426 nisi
1468 1383 1469 1442 j

219 1467 412 1555 pronomina
442 1489 512 1537 esse
543 1475 688 1555 constat,
719 1472 780 1536 hoc
810 1470 975 1552 suspicere
1004 1469 1103 1535 licere
1133 1487 1191 1549 per
1218 1485 1253 1532 sc
1283 1473 1388 1548 patet.
1468 1495 1469 1586 p

218 1579 328 1660 Atque
339 1577 438 1644 etiam
460 1584 608 1660 tempora
631 1582 663 1644 et
684 1579 804 1661 modos,
829 1594 912 1658 qnae
927 1579 1097 1656 vocantur,
1114 1572 1208 1641 verbi
1223 1573 1391 1639 auxiliari
1468 1587 1469 1660 1

218 1685 283 1750 bus
314 1683 507 1763 quibusdam
530 1682 657 1765 verbis,
689 1683 803 1762 quibus
826 1681 915 1747 notio
942 1678 1089 1746 sensibus
1110 1676 1322 1759 percipienda
1342 1678 1392 1745 ‘inz
1468 1673 1469 1752 l

219 1791 322 1871 esset,
351 1785 505 1853 adhibitis
528 1787 729 1852 conformata
752 1805 822 1851 esse
843 1784 908 1852 viri
930 1782 1136 1868 grammatici
1158 1791 1392 1868 cognoverunt.
1468 1775 1469 1780 ’

218 1892 263 1958 Et
287 1909 484 1974 quamquam
506 1890 541 1956 in
563 1890 614 1975 iis,
640 1909 723 1972 quae
746 1891 786 1958 de
807 1891 981 1957 verborum
1003 1887 1199 1956 formatione
1219 1889 1393 1957 institutae
1468 1889 1469 1914 *

220 2002 314 2080 sunt,
351 1995 594 2079 quaestionibus
624 1997 785 2079 permulta
816 1995 958 2062 nondum
992 1993 1124 2076 cognite
1157 1994 1392 2077 explorataque

220 2107 315 2185 sunt,
347 2107 457 2168 tamen
488 2102 530 2168 de
560 2102 786 2169 nonnullorum
814 2106 997 2184 temporum
1020 2105 1053 2166 et
1074 2100 1241 2167 modorum
1265 2101 1393 2184 origine

221 2225 262 2272 ac
282 2204 441 2287 primaria
463 2206 657 2277 formatione
687 2227 797 2274 omnes
826 2215 930 2288 paene
960 2205 1179 2272 dubitationes
1210 2205 1275 2272 viri
1305 2206 1393 2274 docti
1468 2275 1469 2292 ,

221 2315 439 2378 removerunt.
486 2310 556 2392 Quo
586 2311 621 2377 in
651 2331 772 2396 genere
802 2311 836 2377 in
865 2313 984 2396 vulgus
1013 2316 1125 2377 notum
1154 2315 1203 2376 esi
1218 2305 1392 2394 'temporis
1468 2307 1469 2316 ’

222 2413 335 2500 luituri,
360 2417 445 2497 quod
467 2421 613 2503 vocatur,
636 2417 862 2484 formationem
884 2417 933 2484 ita
954 2417 1076 2484 iactam
1091 2433 1171 2499 esse,
1195 2420 1232 2482 ut
1253 2417 1391 2484 verbum

222 2522 338 2605 eundi,
363 2522 453 2606 quus
476 2523 572 2589 radix
594 2523 629 2588 in
650 2522 764 2606 lingua
786 2522 949 2590 sanserita
972 2522 1034 2605 ,ya‘
1062 2527 1164 2606 esset,
1195 2538 1266 2588 oum
1289 2523 1392 2590 verbo

223 2625 382 2691 flectendo
417 2632 662 2709 componeretur
692 2639 742 2695 ac·
760 2628 972 2711 coalesceret,
1003 2626 1109 2711 velut,
1140 2631 1178 2692 ut
1208 2628 1392 2708 exemplum

223 2728 375 2813 afferam,
401 2751 422 2796 a
448 2733 559 2800 radice
581 2733 744 2802 sanserita
768 2739 828 2814 ,ao‘
852 2731 986 2818 (graece
1008 2731 1055 2820 ἐς)
1078 2731 1237 2801 formatur
1261 2737 1392 2815 tempus

223 2835 389 2902 futurum:
413 2837 606 2920 *ao-pdmi
618 2861 657 2896 ::
670 2838 728 2905 lat.
744 2839 833 2919 osio,
857 2855 912 2902 ero
935 2835 1087 2922 (quacum
1099 2834 1295 2904 formatione
1318 2857 1393 2904 cons

222 2939 311 3006 ieras
336 2941 603 3024 francogallicum
625 2941 720 3006 illud:
753 2941 794 3023 ,ie
816 2939 888 3008 vais
910 2939 1015 3024 faire‘,
1038 2941 1175 3009 latinum
1199 2943 1321 3026 ,datum
1336 2943 1390 3009 iri‘

229 3065 265 3104 =
290 3045 412 3128 ,datum
435 3045 493 3112 ire‘
518 3065 559 3103 =
584 3046 707 3129 ,datum
729 3043 835 3131 essc‘).
880 3045 1028 3112 Eandem
1056 3045 1200 3114 radicem
1230 3049 1293 3131 ,ya‘
1324 3047 1393 3114 alia

223 3151 352 3218 ratione
374 3150 409 3218 in
432 3150 506 3218 aliis
522 3170 646 3233 quoque
661 3150 860 3233 temporibus
883 3150 1062 3219 adhibitam
1084 3153 1274 3238 reperimus,
1297 3154 1392 3220 utin

222 3254 387 3324 nonnullis
408 3257 608 3338 temporibus
639 3275 764 3340 praes,
794 3274 877 3336 quae
907 3257 1139 3339 compositione
1169 3259 1238 3342 ejus
1268 3259 1391 3326 radicis

223 3359 406 3426 formantur
419 3359 725 3445 (ssenuch-yo-mz·
736 3381 777 3417 =
786 3361 843 3426 lat.
855 3361 961 3443 cupio
972 3361 1025 3428 ich
1036 3369 1152 3446 gerute
1162 3364 1197 3430 in
1209 3365 1388 3449 Wallung‘,

223 3462 312 3552 aliis)
336 3464 476 3532 fortasse
499 3465 598 3532 etiam
613 3465 648 3531 in
663 3465 785 3532 aoristo
800 3465 933 3550 passivi,
957 3485 1051 3547 quem
1065 3473 1194 3553 vocant,
1217 3469 1246 3536 si
1261 3470 1391 3551 quidem

224 3569 264 3638 (i.
290 3569 431 3655 diutine,
454 3571 507 3639 vir
530 3571 737 3656 clarissimus,
758 3576 849 3639 recte
867 3571 1031 3656 judicavit
1052 3570 1107 3659 (cf.
1131 3574 1302 3657 ,Tempora
1323 3567 1391 3642 und

223 3675 322 3743 Modi‘
345 3695 377 3757 p.
401 3677 466 3744 329
489 3696 536 3759 sq.
558 3676 704 3744 Erlaeot.
727 3697 759 3760 p.
783 3677 846 3744 115
869 3676 931 3766 sq.)
955 3696 1027 3746 eam
1056 3679 1200 3746 radicem
1229 3681 1391 3763 suspicari

224 3847 433 3860 ——n—-n——

331 3951 358 4020 *)
377 3952 446 4019 Quin
468 3953 547 4007 etiam
568 3971 608 4020 ea,
629 3925 699 4022 quae
713 3955 831 4009 maxime
847 3955 883 4009 ad
899 3955 1018 4009 animum
1033 3961 1059 4009 ct
1073 3957 1261 4024 cogitationem
1277 3968 1388 4028 spectat,

224 4038 299 4094 notio
328 4040 448 4106 ,animac‘
475 4043 509 4095 ad
534 4043 670 4098 notionem
698 4045 823 4099 sensibus
849 4045 998 4115 subjectam
1024 4046 1179 4098 reducenda
1204 4057 1258 4111 est,
1287 4048 1389 4118 quippe

224 4143 285 4184 cum
305 4128 396 4187 anima
414 4131 488 4201 apud
508 4132 714 4203 antiquissimos
734 4131 856 4190 homines
875 4132 944 4186 nihil
963 4133 1038 4188 aliud
1058 4135 1106 4200 sir,
1126 4135 1177 4188 oisl
1197 4136 1325 4203 spiritus,
1343 4138 1389 4208 qui

224 4218 342 4273 efflatur.
1093 4229 1096 4234 '
