2970 4754
684 297 730 368 19

229 495 377 577 Denique
405 495 570 564 nonnullis
600 497 756 581 menapiis
778 497 883 580 tnqoe
904 498 1133 571 vassenensis
1155 501 1197 568 ad
1218 521 1292 570 eam

118 603 322 669 sententium
345 603 491 670 addaoor
512 604 625 671 looalis
649 623 743 672 casus
772 604 935 674 notionem
965 606 1117 690 genetivo
1146 607 1290 676 infitiare.

231 707 271 772 In
287 707 435 774 Senserit
420 713 456 775 ta
472 709 554 776 enirn
578 709 701 794 lingua,
725 709 791 778 et
781 729 816 776 ur
837 711 1059 780 vetustissima
1068 713 1235 800 Vedlem
1221 735 1289 800 Jam

118 816 255 879 exstem
278 812 423 895 genetivi
444 814 558 881 looalis
584 833 678 882 casus
700 816 831 884 notione
861 817 1022 902 praediti,
1053 818 1165 900 quales
1197 826 1290 886 sunt:

120 917 250 1001 ‚aktds‘,
267 917 430 1001 ,kebapes
443 918 580 1008 (noeto),
594 924 678 1004 ,vest
679 941 725 1006 os,
745 922 858 988 ίιίιιιιιει
870 919 963 1009 (die),
987 924 1143 1007 ,uehiuus‘
1155 925 1291 1014 (ruane).¹

121 1021 236 1090 Etiam
269 1022 303 1088 in
337 1021 467 1090 Graeca
499 1025 613 1110 lingna
640 1028 725 1094 tales
754 1026 901 1110 genetivi
922 1033 1124 1114 oeourrunt,
1155 1047 1289 1112 qaorum

120 1129 271 1210 exemplo
292 1129 467 1226 Homerica
489 1136 565 1198 sunt
586 1133 683 1198 haeo:

166 1239 205 1317 E,
228 1234 311 1300 523:
655 1239 834 1326 νεφέλῃσιν
858 1238 1013 1320 ἐοικότες,
1038 1233 1121 1306 dovr
1141 1245 1289 1326 Κρονίων

374 1347 583 1431 νηνεμίης
605 1340 748 1430 ’ἑσεησεν
772 1341 822 1410 ἐπ’
846 1343 1085 1426 ἀκροπύλοισιν
1108 1343 1254 1431 ὄρεσσιν.

172 1447 212 1528 Θ,
237 1446 320 1512 525:
346 1447 407 1513 τὸν
430 1447 561 1534 δ’ἠοῦς
587 1450 737 1532 Τρώεσσι
757 1447 836 1531 μεθ’
858 1447 1110 1532 ἱπποδάμοις’
1089 1453 1287 1536 αγοροειλσω.

167 1557 212 1634 Λ,
237 1553 318 1617 690.
346 1552 459 1619 ἐλθὼν
479 1553 592 1680 γάρρ’
615 1554 760 1619 ἐκάκωσε
786 1555 844 1680 βίη
861 1553 1056 1643 Ἡρακληείη
1079 1559 1162 1622 σοῖν
1184 1580 1288 1642 προ-

152 1691 155 1698 .
376 1659 509 1743 οὲριον
532 1659 672 1726 eninr.

166 1767 208 1845 X,
233 1763 294 1828 27:
345 1760 545 1852 (doripo)‘'
526 1789 563 1841 ος
585 1765 678 1852 ῥά’
651 1764 854 1853 εόποίρης
879 1756 973 1830 εἶσιν.

228 1867 302 1933 Ηιιο
324 1867 496 1938 referenda
519 1891 589 1938 esse
608 1877 688 1953 puto
704 1870 803 1938 etiam
818 1869 1010 1940 adverbium
1024 1872 1133 1954 πάρος
1159 1890 1187 1932 ·.·
1207 1887 1286 1940 soor.

125 1973 246 2054 ,puras‘
270 1979 304 2038 et
327 1973 485 2042 adverbia
506 1971 566 2050 7ος
584 2013 631 2025 --
644 1974 784 2062 ·οέως.*)

227 2077 273 2143 Ile
295 2079 458 2161 genetivis
479 2079 651 2162 temporali
680 2079 813 2146 notione
841 2078 1001 2161 praeditis
1031 2078 1230 2160 respondent
1252 2081 1286 2167 ii,

122 2182 177 2263 qui
200 2182 335 2249 localem
357 2184 520 2252 notionem
540 2187 672 2253 habent.
718 2186 808 2252 Ante
829 2184 938 2252 omnia
959 2185 1023 2250 huo
1044 2183 1209 2265 pertinent
1232 2187 1288 2254 ade

122 2287 239 2355 verbio
260 2287 340 2371 loni,
372 2309 454 2371 qnae
483 2291 518 2359 in
540 2313 647 2356 -oo
676 2290 846 2376 desinunt,
875 2295 913 2356 ut
941 2281 1000 2370 οὗ,
1032 2281 1138 2370 ὅπου,
1170 2289 1286 2374 αὐτοῦ,

120 2393 234 2480 τηλοῦ,
260 2392 406 2480 ὑψηλοῦ,
430 2396 547 2464 deinde
569 2397 718 2480 exempla
738 2397 820 2464 haee
841 2396 869 2480 Ι,
892 2397 968 2462 219.
1014 2396 1055 2482 Ω,
1070 2395 1146 2479 598,
1170 2409 1210 2484 φ,
1233 2398 1286 2480 90,

119 2499 153 2564 in
177 2497 292 2579 quibus
316 2505 425 2567 exstat
447 2502 582 2570 leontio:
604 2497 698 2580 ἕζετο
721 2501 775 2570 vel
799 2493 847 2578 ἷζε
869 2505 985 2584 εοίχον
1007 2503 1069 2566 aori
1092 2499 1219 2586 irione.

164 2607 200 2686 Ρ,
225 2605 306 2669 372:
328 2604 430 2690 νέφος
454 2607 493 2672 οὐ
516 2613 656 2692 φαίνετο
679 2608 792 2695 πάσης
812 2612 906 2694 γαίης
930 2606 999 2674 οὐδ’
1022 2605 1125 2692 ὀρέων

162 2733 190 2794 γ,
221 2709 303 2774 251:
327 2703 348 2795 ἦ
373 2711 431 2776 οὐκ
445 2708 573 2796 ’Ἄργεος
597 2705 655 2797 ἦεν
674 2711 847 2794 Ἀχαιικοῦ.

162 2837 198 2898 μ,
222 2815 281 2880 27:
325 2811 346 2901 ἢ
371 2813 496 2902 ἆλὸςῆ
522 2815 581 2882 ἐπὶ
602 2820 661 2904 γῆς
683 2817 844 2904 ἀλγήσετε
865 2818 964 2902 πῆμα
986 2814 1171 2892 παθόντες.

225 3023 253 3092 *)
271 3023 381 3078 Curtius
406 3027 489 3086 (mus.
508 3022 596 3078 Rben.
619 3025 695 3092 1846,
714 3041 741 3094 p.
759 3025 826 3089 247)
851 3025 893 3084 7ος
916 3031 944 3078 et
960 3025 1015 3083 οίος
1034 3036 1096 3076 cum
1114 3037 1215 3078 sanson.
1235 3038 1284 3077 vo·

120 3114 198 3167 cibus
216 3113 331 3182 γαυλοί,
349 3144 382 3155 -
402 3111 500 3180 ,went
525 3115 641 3166 eontulit
665 3118 692 3167 et
714 3114 859 3182 primarias
883 3114 983 3167 iormar
1009 3101 1055 3180 ἧος
1071 3140 1107 3150 -
1123 3115 1180 3179 τῆος
1203 3112 1285 3164 tuisse

119 3202 267 3257 oontendit.
305 3202 382 3270 Quae
401 3201 570 3269 comparatio
589 3201 612 3254 si
631 3208 705 3255 reete
729 3203 904 3268 rehaberet,
932 3216 993 3255 curn
1010 3198 1116 3268 ,aanor
1135 3228 1168 3240 -
1187 3199 1285 3268 ,tdoot‘

118 3293 270 3347 accusativi
289 3299 380 3346 essent
399 3291 482 3344 etiam
500 3291 542 3350 ίος
561 3319 595 3330 -
612 3293 667 3352 vioe
686 3291 857 3346 accusativos
875 3293 1062 3360 acciperemus
1074 3303 1186 3344 neeesse
1204 3296 1283 3344 esset.

119 3382 172 3435 Sed
192 3387 254 3434 sunt
272 3379 421 3435 nonnullae
440 3393 554 3445 causae,
584 3380 686 3449 quibus
703 3381 772 3434 fides
790 3380 872 3451 huius
892 3379 1083 3450 explicationis
1100 3376 1284 3432 imminuatur.

119 3473 205 3526 Voces
236 3471 306 3524 enlm
334 3470 361 3524 in
392 3501 423 3510 -
453 3489 484 3528 οι
510 3476 641 3524 exeuntes
677 3486 741 3523 oum
775 3486 826 3539 pro
856 3469 1017 3524 accusativis
1044 3467 1188 3522 habendae
1222 3466 1284 3534 sint,

118 3563 304 3628 maximopere
322 3557 505 3612 dubitandum
525 3565 580 3626 ost,
608 3573 669 3614 oum
692 3565 723 3614 ut
742 3559 877 3614 ablativos
903 3557 994 3627 potius
1019 3572 1064 3610 eas
1084 3556 1207 3624 sooipore
1225 3571 1282 3611 nta-

118 3650 202 3704 luetis
222 3649 268 3716 (ei.
287 3640 333 3712 ὧς,
351 3651 440 3712 mxime
458 3647 513 3716 ol).
553 3649 659 3704 Deinde
679 3657 770 3704 autem
788 3649 964 3718 perspicuum
985 3653 1026 3700 est
1043 3647 1099 3706 rior
1123 3644 1283 3714 adverbium

119 3738 316 3808 apronomine
333 3739 368 3796 ιίο
385 3737 451 3803 (dat.
469 3739 519 3805 aie,
538 3751 598 3805 gen.
616 3738 688 3805 plur.
706 3740 772 3802 sion)
795 3752 849 3792 non
868 3725 1024 3792 abhorrere.
1061 3733 1284 3788 Demonstrativa

118 3830 188 3882 enim
208 3825 406 3898 significatione
432 3826 496 3880 adv.
521 3829 577 3885 alen
601 3841 653 3880 oon
681 3832 822 3897 tantopere
847 3823 1004 3894 praeditum
1031 3830 1086 3890 est,
1112 3829 1284 3894 quantopere

118 3918 174 3972 slis
192 3932 210 3969 a
226 3917 308 3971 litera
324 3937 340 3970 τ
357 3914 516 3984 incipientia
534 3915 695 3986 pronomina
713 3917 763 3970 red
789 3917 871 3970 etiarn
895 3913 1035 3968 indefinite
1059 3918 1208 3982 usurpatur
1234 3911 1281 3978 (oi.

120 4010 150 4072 Τ,
170 4005 237 4072 189,
254 4006 312 4065 ion:
340 4009 371 4069 P,
389 4005 465 4071 727).
502 4002 578 4071 Quoe
598 4019 659 4058 cum
678 4003 717 4058 ita
734 4005 801 4073 sint,
820 4007 862 4066 7ος
878 4001 1034 4072 genetivum
1054 4016 1114 4056 esse
1131 4007 1215 4070 puto,
1234 4002 1282 4072 qui

119 4095 249 4150 formatus
267 4094 303 4148 sit
320 4093 433 4163 astirpe
452 4094 480 4163 yi
498 4094 549 4160 (εί.Ι
564 4093 609 4160 ia,
627 4093 698 4147 lsi-
713 4109 757 4164 ys,
775 4093 814 4164 yi)
832 4099 860 4148 et
878 4107 894 4146 a
911 4091 1079 4148 nominetivo
1097 4089 1146 4156 ylo
1178 4087 1282 4144 Eodem

121 4183 221 4240 ratione
238 4188 294 4244 sius
311 4182 457 4238 tornatum
475 4192 525 4261 est.
