2970 4754
674 320 722 392 et

222 519 415 589 Rectissime
430 520 509 586 mihi
523 523 654 592 videtur
666 522 817 609 judicare
831 520 1077 606 corruscans,
1101 539 1174 588 eum
1194 519 1283 590 dicat

115 626 304 708 genetivum
334 625 425 692 illum
454 627 661 696 Homericum
686 631 844 708 πεδίοιο,
879 627 934 708 qui
967 628 1069 694 verba
1104 624 1278 711 ἔρχεσθαι,

114 733 225 811 θέειν,
249 729 346 812 ἰέναι,
370 732 516 812 διώκειν,
537 738 725 821 φέβεσθαι,
748 727 853 800 ἕλκειν
874 738 1046 816 sequatur,
1070 749 1141 798 esse
1162 732 1282 798 insitus

102 837 301 924 mentalem,
325 837 443 919 quippe
466 839 522 920 qui
544 841 668 923 positus
690 840 734 906 sit
756 839 799 905 ad
820 837 908 904 viam
934 836 1117 918 spatiumve
1138 836 1282 903 indicans

115 940 202 1025 dnm,
225 961 285 1022 per
300 943 385 1024 quod
401 943 472 1026 quis
487 951 642 1028 perpetuo
657 949 828 1012 moveatur
843 942 896 1010 vel
911 941 996 1022 quod
1012 939 1083 1021 quis
1099 941 1281 1008 emetiatur.

114 1045 189 1112 Huc
203 1045 315 1130 igitur
338 1053 491 1130 spectant
513 1049 670 1134 exempla,
694 1050 805 1133 qualia
825 1048 861 1113 in
883 1046 1079 1112 carminibus
1100 1046 1282 1113 Homericis

113 1151 305 1233 saepissime
315 1158 500 1237 emarcum,
513 1158 550 1219 ut
560 1160 604 1235 B,
618 1155 698 1220 801:
723 1152 877 1240 ’ἔρχονται
889 1153 1032 1218 πεδίοιο.
1055 1155 1096 1230 Ε,
1119 1151 1201 1217 597:
1225 1151 1283 1218 ies

113 1257 238 1332 πολέος
249 1259 393 1322 πεδίοιο.
407 1262 445 1340 K,
457 1258 537 1326 353:
550 1257 722 1342 ἑλκέμεναι
728 1261 830 1324 νειοῖο
838 1262 982 1343 βαθείης
991 1255 1118 1342 πηκτὸν
1127 1253 1282 1342 ἄροτρον,

114 1361 245 1428 similia.
291 1361 461 1432 Senserita
481 1365 647 1449 exempla,
680 1363 819 1446 quaein
841 1361 963 1428 talibus
992 1361 1208 1428 locutionibus
1230 1380 1283 1427 exe

115 1467 233 1533 hibent
255 1467 550 1551 instrumentalem,
574 1488 615 1535 ex
636 1469 765 1552 hymnis
791 1466 921 1534 Vedieis
944 1462 1119 1550 diligenter
1149 1467 1284 1533 collecta

117 1571 218 1638 affert
232 1572 469 1640 Delbrneckius
486 1591 562 1658 peg.
577 1575 621 1640 53
636 1593 743 1655 aeque
754 1573 863 1654 inepte
886 1578 1055 1653 comparat
1076 1590 1148 1638 cum
1170 1577 1284 1638 nostra

118 1675 278 1742 dictione:
302 1677 371 1762 ,mit
394 1678 466 1745 dem
489 1680 595 1762 che
618 1680 743 1762 gehen‘.
790 1678 881 1759 Quae
902 1676 1062 1744 sociative
1084 1677 1152 1762 vis,
1175 1695 1283 1758 quama

117 1799 215 1863 quem
236 1781 494 1852 instrumentalis
526 1785 666 1866 ponendi
697 1802 827 1850 causam
854 1781 1022 1866 praebuit,
1053 1787 1163 1848 tamen
1185 1801 1284 1863 saepe

117 1887 295 1952 obliterate
316 1894 367 1954 est
389 1905 493 1970 neque
515 1905 642 1971 semper
668 1893 794 1974 exstet,
825 1907 867 1954 ne
896 1887 931 1952 in
953 1885 1123 1952 Sanscrita
1086 1887 1283 1968 tqnidem

118 1991 249 2076 lingua,
284 1991 373 2078 (ut'
363 2013 397 2060 m
429 1996 491 2061 hoc
519 1996 681 2078 exemplo:
721 1997 807 2080 ,abhi
836 1992 1014 2094 krmhneni.
1042 1992 1154 2074 raiaco
1176 1991 1280 2074 dyam

114 2096 225 2163 riuoti‘
256 2099 276 2164 i.
300 2117 327 2165 e.
356 2101 458 2166 durch
490 2100 633 2170 dunkeln
662 2101 770 2166 Dunst
800 2101 914 2183 driugt
943 2117 979 2164 ιι
1010 2113 1082 2162 ιιι
1112 2095 1283 2162 Hiramels·

115 2185 264 2290 glanum:
287 2203 322 2271 id
336 2206 420 2286 quod
436 2205 737 2273 contraHeutzium
753 2203 876 2292 (philol.
889 2208 966 2270 tom.
980 2201 1188 2286 XXVIII,p.
1201 2199 1282 2289 515)
1342 2198 1345 2203 ’

115 2308 196 2374 dico.
242 2309 439 2377 Partitivam
470 2309 568 2397 (quae
597 2311 785 2391 quomodo
775 2329 883 2378 messe
911 2307 1033 2392 possit,
1065 2307 1213 2388 equidem
1240 2325 1282 2373 ne

115 2414 270 2497 intellego
286 2414 429 2503 quidem)
444 2416 478 2481 in
501 2416 542 2483 iis
564 2417 720 2498 exemplis
742 2437 813 2484 esse
835 2412 982 2500 genetivi
1003 2417 1203 2478 structuram
1227 2411 1284 2492 qui

117 2518 245 2602 dicunt,
277 2517 303 2584 ii
333 2519 469 2586 latinam
491 2519 637 2605 linguam
659 2523 757 2589 velim
786 2521 982 2603 respiciant,
1012 2515 1046 2582 iu
1077 2535 1141 2596 qua
1170 2515 1284 2582 eadem

116 2624 255 2708 ratione,
272 2643 336 2705 qua
346 2642 471 2708 graece
482 2629 626 2706 πεδίοιο,
644 2633 753 2692 exstat
764 2626 938 2709 ablativus,
959 2621 1154 2704 quiquidem
1165 2621 1283 2688 msere

116 2729 269 2796 mentalis
298 2737 410 2812 partes
440 2729 537 2814 obiit,
568 2734 606 2796 nt
635 2731 670 2796 in
691 2732 874 2796 Horatiano
904 2729 960 2795 illo
991 2728 1154 2808 exemplo:
1186 2727 1283 2812 ‚ibam

116 2835 203 2901 forte
224 2835 280 2901 vie
305 2836 410 2902 ιιιιιί
433 2833 508 2921 (set.
532 2836 600 2921 IX,
627 2835 659 2923 1)
683 2836 738 2902 Or.
762 2836 803 2901 de
824 2835 927 2900 multa
949 2839 1064 2900 ιοιιιι
1085 2832 1124 2900 L.
1147 2831 1283 2898 Furium

117 2941 203 3022 apud
228 2940 351 3006 Charis.
376 2959 407 3022 p.
433 2941 512 3006 128:
544 2942 582 3028 ,O
614 2941 729 3025 quanti
757 2941 813 3006 iile
835 2957 934 3022 agros
956 2937 1052 3021 emit,
1079 2941 1143 3018 qui
1166 2955 1284 3017 aquam

2 3089 3 3096 κ
118 3047 271 3112 duceret‘.
317 3045 389 3114 Liv.
414 3047 473 3128 33,
497 3049 557 3114 26:
589 3049 703 3133 ,Tusco
726 3046 798 3114 vico
823 3051 923 3126 atque
951 3044 1028 3111 inde
1050 3042 1202 3109 Germalo
1225 3059 1284 3122 per

117 3157 248 3233 portam
266 3151 430 3232 Capenam
460 3171 562 3235 prope
591 3153 734 3219 intactus
757 3149 883 3234 evasit‘,
907 3155 941 3216 et
963 3149 997 3214 in
1019 3148 1094 3258 aliis
1117 3147 1282 3230 exemplis,

2 3261 3 3296 ³
118 3275 201 3338 quae
225 3255 462 3322 Delbrueckius
484 3258 504 3323 1.
528 3258 550 3324 1.
573 3259 607 3324 in
629 3259 770 3324 medium
791 3254 936 3338 protulit.

222 3361 372 3428 Alterum
395 3361 511 3428 deinde
533 3363 771 3430 Delbrueckius
797 3361 925 3446 Judicat
955 3359 1142 3443 genetivum
1165 3357 1284 3424 instrue

119 3469 291 3536 mentalem
314 3467 347 3532 iu
367 3486 404 3534 eo
428 3470 580 3550 genetivo
603 3487 691 3554 esse,
724 3487 816 3549 quem
840 3463 1038 3548 praepositio
1062 3465 1120 3529 διὰ
1143 3463 1207 3529 sibi
1229 3463 1284 3529 ads

116 3578 262 3661 iunctum
285 3574 415 3638 habeat.
449 3573 513 3641 Sed
527 3593 660 3657 prorsus
675 3573 886 3657 rejiciendam
908 3589 980 3636 esse
1002 3587 1073 3636 eam
1089 3568 1285 3634 sententiam

118 3689 206 3764 puto.
251 3679 335 3746 Sunt
357 3677 442 3744 enim
464 3679 499 3744 in
521 3684 673 3762 promptu
695 3681 765 3744 fere
787 3680 877 3760 haec,
902 3693 986 3757 quae
1001 3674 1285 3740 Delbrueokiauae

118 3786 301 3854 sententiae
322 3789 524 3868 repugnant:

223 3891 368 3957 Primum
390 3889 628 3956 Delbrueckius
651 3889 684 3953 in
708 3906 746 3953 eo
768 3885 865 3955 valde
892 3901 1021 3950 errasse
1042 3883 1122 3951 mihi
1143 3883 1284 3971 videtur,

119 3998 204 4079 quod
216 3995 395 4082 putatvim,
406 4014 491 4077 quae
499 3992 793 4061 constructionibus
805 3989 978 4058 verborum
989 3991 1098 4073 θέειν,
1122 3987 1285 4078 ἔρχεσθαι

120 4109 180 4170 ιιι.
207 4122 277 4168 ιιι
309 4102 461 4186 genetivo
492 4101 734 4185 conjunctorum
765 4094 886 4180 subsit,
918 4113 989 4160 esse
1022 4098 1158 4164 eandem
1187 4105 1286 4178 etque
1407 4134 1411 4142 ·

3 4251 4 4254 =
120 4228 200 4291 eam,
226 4227 309 4289 quae
333 4205 480 4291 genetivi
502 4225 574 4273 oum
599 4199 840 4288 praepositione
862 4197 919 4266 διὰ
935 4203 1159 4287 conjunctione
1181 4204 1286 4285 expria
