2970 4754
659 295 707 364 47

97 494 280 562 circumdat
302 494 336 560 in
360 495 565 577 explananda
588 501 755 576 structura
777 493 922 580 genetivi
945 493 1102 580 absolntr,
1127 513 1199 562 oum
1220 493 1265 560 lo=

97 601 179 666 calis
202 606 331 668 tantum
353 621 447 667 casus
469 601 540 667 vice
564 601 598 667 in
617 603 679 668 hac
694 608 860 669 structura
875 615 946 666 enm
962 599 1057 683 fungi
1080 599 1264 684 contendat,

97 725 163 772 non
187 712 237 771 est
260 707 580 774 circumscribendos.
626 708 727 774 Immo
750 727 828 775 vero
860 706 1067 788 accipiendus
1098 711 1149 770 est
1170 725 1265 789 gene

96 813 186 879 tivus
209 817 278 878 toto
302 813 435 897 ambitu,
460 832 551 894 quem
575 831 613 878 eo
635 817 781 895 tempore
802 813 926 896 habuit,
950 831 1021 877 oum
1040 811 1185 877 carmina
1200 811 1265 876 Hc:

96 919 222 984 marica
251 918 429 999 composita
458 925 543 984 sunt.
596 917 751 985 Genetivi
780 919 862 985 enim
895 919 1036 986 absoluti
1069 918 1265 984 constructio

96 1042 163 1088 non
187 1021 385 1089 esansorita
406 1024 460 1091 vel
479 1023 743 1108 indegermanica
765 1024 878 1108 lingua
901 1023 1059 1107 originem
1083 1022 1183 1108 ducit,
1208 1024 1266 1090 sed

97 1148 240 1212 graecae
262 1131 395 1214 linguae
416 1133 551 1214 propria
574 1139 623 1198 est
645 1135 822 1214 structura,
850 1149 946 1210 quarn
969 1134 1003 1196 et
1024 1135 1211 1194 nascentem
1233 1136 1266 1196 et

98 1242 300 1303 crescentem
322 1237 356 1300 iu
380 1237 578 1320 carminibus
600 1236 783 1304 Homericis
805 1235 956 1318 persequi
981 1253 1156 1316 possumus
1204 1235 1266 1300 ce

98 1449 323 1532 percipiemus
348 1455 384 1514 ut
407 1449 513 1515 tribus
536 1450 717 1515 rationibus
732 1448 985 1527 interpretemur
1003 1447 1097 1512 modo
1121 1446 1266 1530 genetivi

98 1554 191 1638 puri,
222 1555 316 1618 modo
348 1553 676 1640 genetivi-ablativi,
706 1553 800 1618 modo
830 1539 975 1636 genetivi
1009 1552 1267 1618 instrumentalis

98 1660 235 1725 ratione.
281 1659 462 1727 Genetivus
485 1679 573 1745 vero,
601 1661 657 1742 qui
678 1659 935 1728 instrumentalis
958 1671 1093 1726 munera
1115 1659 1265 1745 suscepit,

100 1787 172 1833 cum
216 1785 269 1832 res
307 1767 467 1833 actionem
501 1767 689 1848 primariam
729 1765 821 1847 quasi
858 1766 1049 1840 comitantes
1086 1764 1266 1854 denotaret,

99 1891 253 1956 magnam
287 1873 366 1938 mihi
399 1873 530 1940 videtur
567 1873 755 1956 praebuisse
789 1872 978 1938 facultatem
1013 1871 1267 1940 enuntiationem

99 1979 303 2062 adjunctam,
336 1998 418 2059 quae
449 1980 622 2062 participio
646 1999 717 2045 cum
739 1978 868 2044 nomine
891 1977 998 2056 aliquo
1022 1979 1191 2062 conjuncto
1215 2000 1267 2048 ex2

98 2083 259 2167 primitur,
283 2086 325 2150 ad
338 2091 479 2152 ceteram
489 2087 590 2153 totius
601 2084 762 2150 enuntiati
773 2089 971 2150 structuram
984 2084 1257 2152 accommodandi.

99 2191 294 2256 Genetivum
317 2197 435 2278 autem,
460 2192 515 2273 qui
530 2191 668 2258 ablativi
682 2190 754 2256 vice
769 2190 975 2274 fungeretur,
998 2189 1041 2256 ad
1056 2193 1267 2258 constructio

99 2315 172 2361 nem
197 2297 421 2378 genetivorum
445 2298 768 2364 absolutorumnihil
795 2296 947 2381 valuisse,
971 2295 1063 2395 nepio
1086 2315 1147 2378 quo
1171 2306 1267 2380 pacto

99 2403 336 2468 Delbrueekius
360 2405 555 2471 contendere
577 2404 729 2486 potuerit.
769 2404 833 2470 Hic
855 2404 925 2485 ipse
948 2401 1089 2467 maxima
1113 2410 1268 2485 exparte

100 2509 142 2574 ad
173 2509 269 2574 initia
298 2508 398 2574 totius
429 2515 615 2575 structurae
646 2508 820 2574 contulisse
841 2509 920 2576 mihi
941 2507 1090 2576 videtur:
1122 2510 1207 2588 quod
1230 2516 1267 2575 ut

100 2620 268 2698 appareat,
293 2614 446 2695 inspicias
469 2613 577 2697 velim,
602 2633 684 2694 quae
707 2615 880 2682 Classenus
898 2617 918 2681 l.
936 2616 957 2681 l.
981 2615 1021 2679 de
1044 2613 1171 2696 origine
1194 2634 1267 2681 eon:

100 2721 287 2787 structionis
310 2720 534 2803 genetivorum
558 2721 777 2786 absolutorum
801 2721 1044 2786 accuratissime
1076 2719 1266 2802 disputavit.
