2970 4754
772 315 945 382 16·

210 513 273 582 hec
301 511 463 582 locutione
491 511 540 580 nti
569 512 689 582 solere:
721 515 804 600 ‚dem
825 514 927 582 Vater
957 509 1025 580 eoin
1049 508 1239 596 armentu
1283 506 1382 590 Quod

210 617 296 686 idem
318 617 484 688 invenitur
513 618 545 686 in
579 621 652 688 aliis
673 620 812 706 linguis,
838 617 931 686 utin
954 616 1105 700 arabica,
1129 615 1164 682 in
1187 633 1271 698 quae
1294 614 1382 682 duae

211 725 356 809 genetivi
368 725 578 792 formationes
588 733 731 811 exstant,
755 744 890 808 quarum
906 723 1021 807 altera
1045 740 1129 804 quac
1140 726 1190 788 ost
1205 718 1380 802 vetustior,

210 831 322 900 dativo
344 831 397 900 vel
419 831 526 913 potius
547 832 644 900 locali
664 830 848 915 respondet,
873 829 994 912 altera,
1026 847 1110 910 quae
1130 831 1181 894 est
1203 824 1380 909 recentior,

211 937 363 1021 gmetivo
395 936 580 1020 lingularum
614 937 827 1004 excultiorum
859 935 1051 1016 respondeo
1081 931 1239 1014 imprimis
1268 935 1381 996 autem

210 1042 387 1126 invenitm,
412 1047 449 1108 nt
469 1048 591 1109 natura
612 1043 687 1127 fert,
711 1043 745 1108 in
768 1041 925 1110 dialectis.
971 1039 1068 1106 Velut
1090 1057 1162 1104 cnm
1184 1036 1220 1102 in
1234 1034 1381 1118 Gasoog
1473 1119 1474 1134 χ

210 1147 369 1214 niensium
392 1167 453 1214 usu
475 1148 604 1215 dicendi
633 1147 727 1216 nobis
749 1148 908 1214 occurrit:
939 1146 982 1230 ,la
1003 1144 1069 1212 fille
1099 1143 1197 1210 bll‘·
1221 1142 1271 1208 N.‘
1304 1140 1380 1228 (pro
1473 1155 1474 1184 ι

212 1253 353 1320 dictione
376 1254 517 1320 urbana:
542 1253 585 1336 ,la
607 1253 672 1320 lille
695 1253 736 1319 de
757 1255 811 1320 Μ’·
827 1251 903 1340 NJ),
927 1250 961 1317 id
981 1248 1074 1316 nobis
1097 1246 1238 1316 ostendit
1260 1266 1380 1314 sermea

211 1377 285 1426 nem
305 1359 434 1425 illorum
458 1376 528 1424 esse
551 1358 750 1426 inconditum
785 1376 824 1424 uc
854 1357 983 1438 rudem,
1015 1359 1048 1420 et
1077 1359 1114 1420 ut
1136 1358 1265 1436 gentem
1288 1353 1379 1422 illam

150 1459 157 1472 ‘
212 1463 404 1548 eruditione,
428 1463 476 1529 ita
497 1462 602 1530 literis
624 1464 770 1547 linguam
793 1482 923 1546 carere,
947 1478 1030 1542 quac
1052 1457 1096 1526 ad
1118 1457 1263 1541 genetivi
1286 1479 1379 1528 usum

211 1589 276 1638 non
306 1570 501 1653 pervenerit.
548 1572 726 1638 Praeterea
757 1575 864 1637 autem
896 1564 1047 1634 formatio
1078 1581 1202 1645 quoqne
1232 1566 1379 1648 genetivi

212 1675 437 1742 demonstrare
461 1675 593 1742 videtur
616 1695 688 1743 eom
710 1695 822 1743 casum
843 1678 1041 1756 postremum
1063 1673 1168 1734 ortum
1191 1687 1278 1753 esse,
1306 1689 1379 1736 cum

212 1779 475 1848 terminationem
499 1781 645 1864 genetivi
658 1781 765 1847 altera
780 1799 800 1846 a
813 1776 1008 1846 nominativi
1022 1773 1253 1842 terminatione
1268 1775 1378 1856 aliqua

212 1903 254 1950 ex
275 1890 371 1967 parte
392 1891 499 1952 sumta
514 1883 615 1973 (aesc)
633 1886 739 1953 altera
754 1887 796 1952 ab
819 1884 975 1972 adjectivi
992 1879 1185 1948 formatione
1208 1882 1378 1963 depromta

213 1996 306 2056 esset.
352 1989 610 2060 Terminotiones
639 1993 741 2078 igitur
772 1991 919 2078 genetivi
947 1987 1160 2058 secundariae
1182 1992 1258 2053 sunt
1280 1994 1315 2054 et
1337 1989 1378 2056 ab

212 2095 286 2160 aliis
309 2095 557 2166 formationibus
579 2100 711 2185 petitae,
735 2117 807 2166 cum
822 2096 1018 2178 reliquorum
1034 2111 1165 2162 casuum
1179 2093 1379 2160 terminatio
1474 2099 1475 2102 ’

212 2220 270 2268 nes
292 2200 472 2283 principale
494 2221 534 2270 ac
555 2205 730 2287 genuinum
754 2203 915 2288 quoddam
944 2207 1126 2268 monstrent
1155 2215 1259 2279 noque
1289 2197 1379 2278 quide

214 2327 309 2388 quam
331 2309 484 2392 habeant,
509 2311 594 2390 quod
617 2311 748 2378 aliunde
770 2310 908 2392 petitum
930 2307 983 2374 sit.

316 2414 362 2481 Ut
384 2413 486 2497 igitur
509 2433 564 2501 ea,
590 2436 673 2497 quae
694 2419 852 2484 hactenns
874 2414 914 2480 de
944 2411 1096 2496 genetivo
1129 2411 1376 2496 disputavimus,

212 2525 415 2604 repetamus,
447 2521 656 2604 cognovimus
685 2523 848 2607 rationes,
880 2538 960 2602 quas
991 2517 1097 2583 adlruc
1125 2517 1191 2586 viri
1221 2517 1309 2584 docti
1339 2517 1379 2584 de

213 2625 358 2707 genetivi
372 2631 492 2692 natura
507 2630 702 2714 statuerunt,
726 2645 920 2712 quamquam
929 2641 1141 2706 unaquaeque
1156 2623 1280 2704 aliquid
1295 2622 1377 2690 recti

213 2730 358 2813 haberet,
380 2735 489 2796 tamen
512 2731 658 2801 omnibus
681 2736 885 2819 expertibus
908 2751 973 2799 non
992 2729 1141 2797 sufficere
1164 2737 1197 2796 et
1212 2727 1377 2810 propriam
1475 2777 1476 2780 ,

213 2835 358 2918 genetivi
378 2835 444 2903 vim
467 2855 531 2904 non
554 2839 635 2905 satis
657 2848 810 2908 accurate
832 2837 1039 2906 constituere.
1074 2835 1201 2903 Deinde
1216 2853 1257 2900 ex
1280 2831 1378 2898 omnis

213 2942 273 3007 bus
296 2941 424 3008 casibus
439 2947 635 3022 postremum
657 2945 845 3027 genetivum
859 2945 894 3009 in
909 2956 1001 3009 usum
1020 2941 1150 3008 venisse
1164 2940 1377 3024 probabiliter

213 3047 400 3130 exposuisse
421 3047 515 3114 nobis
535 3049 692 3117 videmur.
739 3049 830 3130 Quae
852 3069 924 3117 cum
946 3049 995 3115 ita
1015 3047 1093 3132 sint,
1112 3048 1181 3131 jam
1204 3047 1237 3114 in
1261 3047 1378 3130 primae

212 3151 295 3220 riam
318 3153 463 3237 genetivi
486 3154 755 3238 significationem
778 3157 943 3237 inquirere
966 3152 1208 3238 aggrediamur.
1242 3153 1292 3220 Ac
1314 3152 1377 3234 pris

212 3279 298 3326 mum
329 3260 456 3342 quidem
485 3261 669 3348 videamuS,
704 3282 780 3329 num
810 3262 959 3345 vestigiis
990 3259 1199 3343 quibusdam,
1231 3278 1314 3339 quae
1344 3260 1376 3328 in

213 3367 392 3434 vetustiore
420 3367 534 3450 lingua
564 3374 697 3436 servata
726 3369 809 3452 sint,
842 3367 993 3452 cognosci
1022 3364 1141 3447 possit,
1172 3363 1243 3444 quis
1274 3383 1375 3447 casus,

213 3476 386 3553 antequam
417 3474 588 3557 genetivus
614 3481 789 3556 usurpatus
812 3475 873 3559 sit,
904 3475 972 3558 ejus
1004 3477 1114 3554 partes
1144 3469 1323 3534 obtinuerit
1345 3474 1377 3535 et

214 3577 285 3658 quis
309 3595 404 3646 casus
426 3578 664 3663 significatione
678 3601 717 3647 ac
739 3582 774 3649 vi
788 3583 832 3648 cd
854 3577 1000 3664 genetivi
1022 3583 1174 3644 naturam
1193 3578 1262 3638 tam
1276 3591 1376 3654 prope

213 3685 356 3768 accedat,
379 3691 418 3752 ut
440 3688 564 3771 exejus
584 3705 644 3754 usu
667 3687 813 3770 genetivi
833 3705 910 3753 usus
932 3702 1067 3752 manare
1081 3677 1233 3764 potuerit.
1269 3680 1376 3761 Atque
1474 3671 1476 3680 ’

213 3789 382 3854 utstatim
405 3792 551 3873 aprino
577 3791 772 3860 sententiam
802 3811 921 3859 meam·
937 3789 1109 3874 profitear,
1140 3783 1253 3850 localis
1284 3805 1375 3854 casus

214 3911 285 3960 cum
301 3895 454 3977 genetivo
475 3903 570 3964 tanta
592 3898 830 3966 necessitudine
852 3899 1042 3983 conjunctus
1058 3911 1128 3958 esse
1142 3891 1221 3957 mihi
1235 3891 1374 3978 videtur,

213 4006 251 4066 ut
273 4000 425 4084 genetivo
446 4001 597 4085 primitus
613 4023 684 4071 eam
707 4004 974 4088 significationem
990 3998 1121 4068 insitam
1137 3997 1238 4065 fuisse
1257 4002 1373 4084 putem,

319 4230 345 4300 *)
364 4231 397 4284 cl.
416 4229 534 4300 Rumpel
553 4247 645 4303 progr.
665 4233 762 4304 Gymn.
779 4230 914 4288 Gueterd.
938 4229 1013 4298 lbdd,
1039 4247 1067 4302 p.
1087 4233 1131 4287 et.
1195 4240 1201 4248 ’
