<?xml version="1.0" encoding="UTF-8"?>
<!DOCTYPE html PUBLIC "-//W3C//DTD XHTML 1.0 Transitional//EN"
    "http://www.w3.org/TR/xhtml1/DTD/xhtml1-transitional.dtd">
<html xmlns="http://www.w3.org/1999/xhtml" xml:lang="en" lang="en">
 <head>
  <title>
</title>
<meta http-equiv="Content-Type" content="text/html;charset=utf-8" />
  <meta name='ocr-system' content='tesseract 3.04.00' />
  <meta name='ocr-capabilities' content='ocr_page ocr_carea ocr_par ocr_line ocrx_word'/>
</head>
<body>
  <div class='ocr_page' id='page_1' title='image "./degenetivigraec00heilgoog_0038.png"; bbox 0 0 2970 4754; ppageno 0'>
   <div class='ocr_carea' id='block_1_1' title="bbox 661 319 710 394">
    <p class='ocr_par' dir='ltr' id='par_1_1' title="bbox 661 319 710 394">
     <span class='ocr_line' id='line_1_1' title="bbox 661 319 710 394; baseline 0.041 -2"><span class='ocrx_word' id='word_1_1' title='bbox 661 319 710 394; x_wconf 76' lang='lat'><strong>33</strong></span> 
     </span>
    </p>
   </div>
   <div class='ocr_carea' id='block_1_2' title="bbox 527 641 783 728">
    <p class='ocr_par' dir='ltr' id='par_1_2' title="bbox 527 641 783 728">
     <span class='ocr_line' id='line_1_2' title="bbox 527 641 783 728; baseline 0.008 -22"><span class='ocrx_word' id='word_1_2' title='bbox 527 657 529 662; x_wconf 80' lang='grc'><strong>’</strong></span> <span class='ocrx_word' id='word_1_3' title='bbox 598 641 701 728; x_wconf 76' lang='lat' dir='ltr'><strong>capnt</strong></span> <span class='ocrx_word' id='word_1_4' title='bbox 722 641 783 709; x_wconf 83' lang='grc' dir='ltr'><strong>ΙΙΙ.</strong></span> 
     </span>
    </p>
   </div>
   <div class='ocr_carea' id='block_1_3' title="bbox 296 785 1024 906">
    <p class='ocr_par' dir='ltr' id='par_1_3' title="bbox 296 785 1024 906">
     <span class='ocr_line' id='line_1_3' title="bbox 296 785 1024 906; baseline 0.003 -24"><span class='ocrx_word' id='word_1_5' title='bbox 296 785 301 790; x_wconf 68' lang='grc'>’</span> <span class='ocrx_word' id='word_1_6' title='bbox 342 799 414 906; x_wconf 17' lang='lat' dir='ltr'><strong>&#39;Ite</strong></span> <span class='ocrx_word' id='word_1_7' title='bbox 441 801 644 905; x_wconf 80' lang='lat' dir='ltr'><strong>genetivo</strong></span> <span class='ocrx_word' id='word_1_8' title='bbox 668 801 1024 906; x_wconf 70' lang='lat' dir='ltr'><strong>instrumentali.¹</strong></span> 
     </span>
    </p>
   </div>
   <div class='ocr_carea' id='block_1_4' title="bbox 633 962 739 976">
    <p class='ocr_par' dir='ltr' id='par_1_4' title="bbox 633 962 739 976">
     <span class='ocr_line' id='line_1_4' title="bbox 633 962 739 976; baseline 0.009 -1"><span class='ocrx_word' id='word_1_9' title='bbox 633 962 739 976; x_wconf 63' lang='grc' dir='ltr'><strong><em>ΛΝᾺΛΛΛ</em></strong></span> 
     </span>
    </p>
   </div>
   <div class='ocr_carea' id='block_1_5' title="bbox 99 1043 1277 4078">
    <p class='ocr_par' dir='ltr' id='par_1_5' title="bbox 99 1043 1272 1972">
     <span class='ocr_line' id='line_1_5' title="bbox 208 1043 1270 1131; baseline 0.006 -23"><span class='ocrx_word' id='word_1_10' title='bbox 208 1043 386 1125; x_wconf 83' lang='lat' dir='ltr'><strong>Postquam</strong></span> <span class='ocrx_word' id='word_1_11' title='bbox 416 1047 579 1127; x_wconf 82' lang='lat' dir='ltr'><strong>prioribus</strong></span> <span class='ocrx_word' id='word_1_12' title='bbox 609 1049 772 1131; x_wconf 88' lang='lat' dir='ltr'><strong>capitibus</strong></span> <span class='ocrx_word' id='word_1_13' title='bbox 800 1048 835 1116; x_wconf 93' lang='lat' dir='ltr'><strong>in</strong></span> <span class='ocrx_word' id='word_1_14' title='bbox 865 1065 981 1130; x_wconf 89' lang='lat' dir='ltr'><strong>purum</strong></span> <span class='ocrx_word' id='word_1_15' title='bbox 1015 1045 1203 1130; x_wconf 74' lang='lat' dir='ltr'><strong>genetivum</strong></span> <span class='ocrx_word' id='word_1_16' title='bbox 1230 1054 1270 1114; x_wconf 87' lang='lat' dir='ltr'><strong>et</strong></span> 
     </span>
     <span class='ocr_line' id='line_1_6' title="bbox 99 1145 1271 1239; baseline 0.003 -23"><span class='ocrx_word' id='word_1_17' title='bbox 99 1147 309 1234; x_wconf 75' lang='lat' dir='ltr'>genetivum,</span> <span class='ocrx_word' id='word_1_18' title='bbox 341 1151 397 1232; x_wconf 92' lang='lat' dir='ltr'><strong>qui</strong></span> <span class='ocrx_word' id='word_1_19' title='bbox 419 1150 557 1221; x_wconf 83' lang='lat' dir='ltr'><strong>ablativi</strong></span> <span class='ocrx_word' id='word_1_20' title='bbox 577 1153 650 1222; x_wconf 87' lang='lat' dir='ltr'><strong>vice</strong></span> <span class='ocrx_word' id='word_1_21' title='bbox 672 1154 837 1239; x_wconf 82' lang='lat' dir='ltr'><strong>fungitur,</strong></span> <span class='ocrx_word' id='word_1_22' title='bbox 864 1145 1109 1236; x_wconf 53' lang='lat' dir='ltr'><strong>&#39;inquisivimus</strong></span> <span class='ocrx_word' id='word_1_23' title='bbox 1136 1153 1205 1236; x_wconf 81' lang='lat' dir='ltr'><strong>J‘am</strong></span> <span class='ocrx_word' id='word_1_24' title='bbox 1227 1152 1271 1220; x_wconf 85' lang='lat' dir='ltr'><strong>ad</strong></span> 
     </span>
     <span class='ocr_line' id='line_1_7' title="bbox 99 1253 1271 1341; baseline 0.005 -23"><span class='ocrx_word' id='word_1_25' title='bbox 99 1253 239 1320; x_wconf 89' lang='lat' dir='ltr'><strong>tertium</strong></span> <span class='ocrx_word' id='word_1_26' title='bbox 262 1255 488 1338; x_wconf 81' lang='lat' dir='ltr'><strong>genetivcmm</strong></span> <span class='ocrx_word' id='word_1_27' title='bbox 510 1277 620 1341; x_wconf 85' lang='lat' dir='ltr'><strong>genus</strong></span> <span class='ocrx_word' id='word_1_28' title='bbox 636 1259 870 1326; x_wconf 86' lang='lat' dir='ltr'><strong>transcundum</strong></span> <span class='ocrx_word' id='word_1_29' title='bbox 892 1259 985 1326; x_wconf 86' lang='lat' dir='ltr'><strong>nobis</strong></span> <span class='ocrx_word' id='word_1_30' title='bbox 1009 1261 1078 1340; x_wconf 91' lang='lat' dir='ltr'><strong>est,</strong></span> <span class='ocrx_word' id='word_1_31' title='bbox 1110 1258 1153 1324; x_wconf 86' lang='lat' dir='ltr'><strong>ad</strong></span> <span class='ocrx_word' id='word_1_32' title='bbox 1175 1275 1271 1341; x_wconf 55' lang='lat' dir='ltr'><strong>genez</strong></span> 
     </span>
     <span class='ocr_line' id='line_1_8' title="bbox 100 1357 1271 1446; baseline 0.004 -23"><span class='ocrx_word' id='word_1_33' title='bbox 100 1357 218 1444; x_wconf 83' lang='lat' dir='ltr'><strong>tivum,</strong></span> <span class='ocrx_word' id='word_1_34' title='bbox 244 1358 299 1440; x_wconf 88' lang='lat' dir='ltr'><strong>qui</strong></span> <span class='ocrx_word' id='word_1_35' title='bbox 320 1358 578 1431; x_wconf 73' lang='lat' dir='ltr'><strong>instrumentalis</strong></span> <span class='ocrx_word' id='word_1_36' title='bbox 600 1383 736 1432; x_wconf 86' lang='lat' dir='ltr'><strong>munere</strong></span> <span class='ocrx_word' id='word_1_37' title='bbox 757 1364 908 1446; x_wconf 80' lang='lat' dir='ltr'><strong>suscepit.</strong></span> <span class='ocrx_word' id='word_1_38' title='bbox 953 1362 1047 1443; x_wconf 76' lang='lat' dir='ltr'><strong>Quod</strong></span> <span class='ocrx_word' id='word_1_39' title='bbox 1063 1381 1134 1430; x_wconf 91' lang='lat' dir='ltr'><strong>cum</strong></span> <span class='ocrx_word' id='word_1_40' title='bbox 1157 1361 1271 1428; x_wconf 53' lang='lat' dir='ltr'><strong>sunna</strong></span> 
     </span>
     <span class='ocr_line' id='line_1_9' title="bbox 102 1465 1271 1552; baseline 0.003 -23"><span class='ocrx_word' id='word_1_41' title='bbox 102 1483 185 1548; x_wconf 88' lang='lat' dir='ltr'><strong>mus,</strong></span> <span class='ocrx_word' id='word_1_42' title='bbox 210 1469 288 1530; x_wconf 88' lang='lat' dir='ltr'><strong>unte</strong></span> <span class='ocrx_word' id='word_1_43' title='bbox 310 1465 417 1532; x_wconf 86' lang='lat' dir='ltr'><strong>omnia</strong></span> <span class='ocrx_word' id='word_1_44' title='bbox 439 1485 564 1536; x_wconf 85' lang='lat' dir='ltr'><strong>summe</strong></span> <span class='ocrx_word' id='word_1_45' title='bbox 585 1469 644 1536; x_wconf 85' lang='lat' dir='ltr'><strong>illa</strong></span> <span class='ocrx_word' id='word_1_46' title='bbox 659 1471 713 1536; x_wconf 83' lang='lat' dir='ltr'><strong>lex</strong></span> <span class='ocrx_word' id='word_1_47' title='bbox 734 1469 938 1550; x_wconf 75' lang='lat' dir='ltr'><strong>respicienda</strong></span> <span class='ocrx_word' id='word_1_48' title='bbox 953 1474 1013 1552; x_wconf 87' lang='lat' dir='ltr'><strong>est,</strong></span> <span class='ocrx_word' id='word_1_49' title='bbox 1036 1487 1101 1550; x_wconf 81' lang='lat' dir='ltr'><strong>qna</strong></span> <span class='ocrx_word' id='word_1_50' title='bbox 1116 1468 1185 1534; x_wconf 82' lang='lat' dir='ltr'><strong>ecla</strong></span> <span class='ocrx_word' id='word_1_51' title='bbox 1199 1466 1271 1532; x_wconf 83' lang='lat' dir='ltr'><strong>ficri</strong></span> 
     </span>
     <span class='ocr_line' id='line_1_10' title="bbox 104 1569 1271 1658; baseline 0.002 -22"><span class='ocrx_word' id='word_1_52' title='bbox 104 1569 226 1655; x_wconf 86' lang='lat' dir='ltr'><strong>possit,</strong></span> <span class='ocrx_word' id='word_1_53' title='bbox 257 1574 294 1636; x_wconf 92' lang='lat' dir='ltr'><strong>ut</strong></span> <span class='ocrx_word' id='word_1_54' title='bbox 323 1570 408 1636; x_wconf 83' lang='lat' dir='ltr'><strong>ulter</strong></span> <span class='ocrx_word' id='word_1_55' title='bbox 437 1591 531 1640; x_wconf 86' lang='lat' dir='ltr'><strong>casus</strong></span> <span class='ocrx_word' id='word_1_56' title='bbox 560 1573 695 1641; x_wconf 84' lang='lat' dir='ltr'><strong>alterius</strong></span> <span class='ocrx_word' id='word_1_57' title='bbox 718 1575 790 1642; x_wconf 85' lang='lat' dir='ltr'><strong>vice</strong></span> <span class='ocrx_word' id='word_1_58' title='bbox 812 1574 979 1658; x_wconf 81' lang='lat' dir='ltr'><strong>fungatur.</strong></span> <span class='ocrx_word' id='word_1_59' title='bbox 1027 1572 1118 1653; x_wconf 74' lang='lat' dir='ltr'><strong>Quae</strong></span> <span class='ocrx_word' id='word_1_60' title='bbox 1141 1571 1271 1652; x_wconf 86' lang='lat' dir='ltr'><strong>quidem</strong></span> 
     </span>
     <span class='ocr_line' id='line_1_11' title="bbox 103 1675 1269 1765; baseline 0.004 -26"><span class='ocrx_word' id='word_1_61' title='bbox 103 1679 154 1740; x_wconf 89' lang='lat' dir='ltr'><strong>est</strong></span> <span class='ocrx_word' id='word_1_62' title='bbox 176 1693 226 1758; x_wconf 86' lang='lat' dir='ltr'><strong>ea,</strong></span> <span class='ocrx_word' id='word_1_63' title='bbox 250 1678 287 1741; x_wconf 91' lang='lat' dir='ltr'><strong>ut</strong></span> <span class='ocrx_word' id='word_1_64' title='bbox 304 1675 373 1758; x_wconf 87' lang='lat' dir='ltr'><strong>jem</strong></span> <span class='ocrx_word' id='word_1_65' title='bbox 396 1695 497 1759; x_wconf 86' lang='lat' dir='ltr'><strong>supra</strong></span> <span class='ocrx_word' id='word_1_66' title='bbox 519 1678 669 1765; x_wconf 68' lang='lat' dir='ltr'><strong>diximus</strong></span> <span class='ocrx_word' id='word_1_67' title='bbox 691 1686 728 1746; x_wconf 91' lang='lat' dir='ltr'><strong>ut</strong></span> <span class='ocrx_word' id='word_1_68' title='bbox 750 1679 901 1764; x_wconf 69' lang='lat' dir='ltr'><strong>ii&#39;casns,</strong></span> <span class='ocrx_word' id='word_1_69' title='bbox 925 1679 980 1760; x_wconf 89' lang='lat' dir='ltr'><strong>qui</strong></span> <span class='ocrx_word' id='word_1_70' title='bbox 995 1679 1029 1744; x_wconf 92' lang='lat' dir='ltr'><strong>in</strong></span> <span class='ocrx_word' id='word_1_71' title='bbox 1044 1697 1143 1746; x_wconf 91' lang='lat' dir='ltr'><strong>unum</strong></span> <span class='ocrx_word' id='word_1_72' title='bbox 1163 1679 1269 1746; x_wconf 69' lang='lat' dir='ltr'><strong>cosin</strong></span> 
     </span>
     <span class='ocr_line' id='line_1_12' title="bbox 103 1775 1272 1867; baseline 0.003 -23"><span class='ocrx_word' id='word_1_73' title='bbox 103 1777 169 1844; x_wconf 88' lang='lat' dir='ltr'><strong>isse</strong></span> <span class='ocrx_word' id='word_1_74' title='bbox 192 1778 361 1866; x_wconf 84' lang='lat' dir='ltr'><strong>dicantur,</strong></span> <span class='ocrx_word' id='word_1_75' title='bbox 389 1775 662 1866; x_wconf 78' lang='lat' dir='ltr'><strong>significationum</strong></span> <span class='ocrx_word' id='word_1_76' title='bbox 684 1784 922 1852; x_wconf 75' lang='lat' dir='ltr'><strong>necessitudine</strong></span> <span class='ocrx_word' id='word_1_77' title='bbox 945 1785 1085 1866; x_wconf 80' lang='lat' dir='ltr'><strong>quedem</strong></span> <span class='ocrx_word' id='word_1_78' title='bbox 1108 1782 1272 1867; x_wconf 83' lang='lat' dir='ltr'><strong>cunjuncti</strong></span> 
     </span>
     <span class='ocr_line' id='line_1_13' title="bbox 103 1883 904 1972; baseline 0.005 -22"><span class='ocrx_word' id='word_1_79' title='bbox 103 1883 180 1952; x_wconf 90' lang='lat' dir='ltr'><strong>sint.</strong></span> <span class='ocrx_word' id='word_1_80' title='bbox 226 1885 277 1952; x_wconf 90' lang='lat' dir='ltr'><strong>Dc</strong></span> <span class='ocrx_word' id='word_1_81' title='bbox 296 1888 358 1954; x_wconf 85' lang='lat' dir='ltr'><strong>hac</strong></span> <span class='ocrx_word' id='word_1_82' title='bbox 380 1886 483 1970; x_wconf 81' lang='lat' dir='ltr'><strong>igitur</strong></span> <span class='ocrx_word' id='word_1_83' title='bbox 505 1909 542 1956; x_wconf 89' lang='lat' dir='ltr'><strong>re</strong></span> <span class='ocrx_word' id='word_1_84' title='bbox 564 1891 704 1972; x_wconf 88' lang='lat' dir='ltr'><strong>primum</strong></span> <span class='ocrx_word' id='word_1_85' title='bbox 726 1888 904 1959; x_wconf 79' lang='lat' dir='ltr'><strong>videamus.</strong></span> 
     </span>
    </p>

    <p class='ocr_par' dir='ltr' id='par_1_6' title="bbox 104 1990 1277 4078">
     <span class='ocr_line' id='line_1_14' title="bbox 210 1990 1272 2078; baseline 0.004 -22"><span class='ocrx_word' id='word_1_86' title='bbox 210 1990 261 2056; x_wconf 87' lang='lat' dir='ltr'><strong>Ac</strong></span> <span class='ocrx_word' id='word_1_87' title='bbox 282 1992 388 2073; x_wconf 87' lang='lat' dir='ltr'><strong>primu</strong></span> <span class='ocrx_word' id='word_1_88' title='bbox 410 1995 539 2073; x_wconf 85' lang='lat' dir='ltr'><strong>quidem</strong></span> <span class='ocrx_word' id='word_1_89' title='bbox 560 1996 671 2078; x_wconf 90' lang='lat' dir='ltr'><strong>specie</strong></span> <span class='ocrx_word' id='word_1_90' title='bbox 690 1993 933 2062; x_wconf 85' lang='lat' dir='ltr'><strong>instrumentali</strong></span> <span class='ocrx_word' id='word_1_91' title='bbox 963 1993 1019 2076; x_wconf 80' lang='lat' dir='ltr'><strong>qui</strong></span> <span class='ocrx_word' id='word_1_92' title='bbox 1049 1991 1169 2060; x_wconf 89' lang='lat' dir='ltr'><strong>dicitur</strong></span> <span class='ocrx_word' id='word_1_93' title='bbox 1193 2009 1272 2060; x_wconf 87' lang='lat' dir='ltr'><strong>casn</strong></span> 
     </span>
     <span class='ocr_line' id='line_1_15' title="bbox 104 2095 1271 2184; baseline 0.002 -24"><span class='ocrx_word' id='word_1_94' title='bbox 104 2095 229 2176; x_wconf 82' lang='lat' dir='ltr'><strong>aliqmd</strong></span> <span class='ocrx_word' id='word_1_95' title='bbox 259 2097 390 2166; x_wconf 87' lang='lat' dir='ltr'><strong>videtur</strong></span> <span class='ocrx_word' id='word_1_96' title='bbox 420 2099 574 2184; x_wconf 86' lang='lat' dir='ltr'><strong>exprimi,</strong></span> <span class='ocrx_word' id='word_1_97' title='bbox 605 2101 690 2181; x_wconf 85' lang='lat' dir='ltr'><strong>qnod</strong></span> <span class='ocrx_word' id='word_1_98' title='bbox 720 2119 741 2166; x_wconf 85' lang='lat' dir='ltr'><strong>a</strong></span> <span class='ocrx_word' id='word_1_99' title='bbox 770 2097 1008 2182; x_wconf 75' lang='lat' dir='ltr'><strong>significatione</strong></span> <span class='ocrx_word' id='word_1_100' title='bbox 1030 2096 1176 2182; x_wconf 82' lang='lat' dir='ltr'><strong>genetivi</strong></span> <span class='ocrx_word' id='word_1_101' title='bbox 1201 2102 1271 2162; x_wconf 91' lang='lat' dir='ltr'><strong>toto</strong></span> 
     </span>
     <span class='ocr_line' id='line_1_16' title="bbox 104 2201 1272 2288; baseline 0.003 -21"><span class='ocrx_word' id='word_1_102' title='bbox 104 2201 194 2267; x_wconf 86' lang='lat' dir='ltr'><strong>coelo</strong></span> <span class='ocrx_word' id='word_1_103' title='bbox 218 2201 381 2270; x_wconf 87' lang='lat' dir='ltr'><strong>diversum</strong></span> <span class='ocrx_word' id='word_1_104' title='bbox 404 2209 471 2288; x_wconf 89' lang='lat' dir='ltr'><strong>est,</strong></span> <span class='ocrx_word' id='word_1_105' title='bbox 503 2209 535 2270; x_wconf 88' lang='lat' dir='ltr'><strong>et</strong></span> <span class='ocrx_word' id='word_1_106' title='bbox 557 2209 633 2270; x_wconf 88' lang='lat' dir='ltr'><strong>sunt</strong></span> <span class='ocrx_word' id='word_1_107' title='bbox 662 2203 819 2288; x_wconf 84' lang='lat' dir='ltr'><strong>fortasse,</strong></span> <span class='ocrx_word' id='word_1_108' title='bbox 851 2204 907 2284; x_wconf 87' lang='lat' dir='ltr'><strong>qui</strong></span> <span class='ocrx_word' id='word_1_109' title='bbox 935 2203 1189 2288; x_wconf 82' lang='lat' dir='ltr'><strong>significationes</strong></span> <span class='ocrx_word' id='word_1_110' title='bbox 1220 2201 1272 2270; x_wconf 86' lang='lat' dir='ltr'><strong>nis</strong></span> 
     </span>
     <span class='ocr_line' id='line_1_17' title="bbox 105 2305 1273 2394; baseline 0 -22"><span class='ocrx_word' id='word_1_111' title='bbox 105 2305 234 2372; x_wconf 84' lang='lat' dir='ltr'><strong>casibus</strong></span> <span class='ocrx_word' id='word_1_112' title='bbox 255 2309 418 2394; x_wconf 84' lang='lat' dir='ltr'><strong>subjectus</strong></span> <span class='ocrx_word' id='word_1_113' title='bbox 441 2327 573 2391; x_wconf 87' lang='lat' dir='ltr'><strong>prorsus</strong></span> <span class='ocrx_word' id='word_1_114' title='bbox 597 2309 764 2378; x_wconf 88' lang='lat' dir='ltr'><strong>discedere</strong></span> <span class='ocrx_word' id='word_1_115' title='bbox 790 2308 909 2376; x_wconf 84' lang='lat' dir='ltr'><strong>dicunt.</strong></span> <span class='ocrx_word' id='word_1_116' title='bbox 949 2308 1021 2376; x_wconf 79' lang='lat' dir='ltr'><strong>Sed</strong></span> <span class='ocrx_word' id='word_1_117' title='bbox 1043 2308 1099 2390; x_wconf 81' lang='lat' dir='ltr'><strong>qui</strong></span> <span class='ocrx_word' id='word_1_118' title='bbox 1120 2307 1169 2380; x_wconf 88' lang='lat' dir='ltr'><strong>itu</strong></span> <span class='ocrx_word' id='word_1_119' title='bbox 1187 2305 1273 2390; x_wconf 70' lang='lat' dir='ltr'><strong>just</strong></span> 
     </span>
     <span class='ocr_line' id='line_1_18' title="bbox 105 2409 1272 2496; baseline 0.001 -21"><span class='ocrx_word' id='word_1_120' title='bbox 105 2421 198 2495; x_wconf 88' lang='lat' dir='ltr'><strong>cent,</strong></span> <span class='ocrx_word' id='word_1_121' title='bbox 230 2412 396 2494; x_wconf 87' lang='lat' dir='ltr'><strong>propriam</strong></span> <span class='ocrx_word' id='word_1_122' title='bbox 418 2415 676 2482; x_wconf 76' lang='lat' dir='ltr'><strong>instrumentalis</strong></span> <span class='ocrx_word' id='word_1_123' title='bbox 698 2415 765 2484; x_wconf 87' lang='lat' dir='ltr'><strong>vim</strong></span> <span class='ocrx_word' id='word_1_124' title='bbox 786 2433 851 2482; x_wconf 88' lang='lat' dir='ltr'><strong>nnn</strong></span> <span class='ocrx_word' id='word_1_125' title='bbox 874 2413 955 2482; x_wconf 84' lang='lat' dir='ltr'><strong>satis</strong></span> <span class='ocrx_word' id='word_1_126' title='bbox 979 2412 1170 2496; x_wconf 82' lang='lat' dir='ltr'><strong>cognovisse</strong></span> <span class='ocrx_word' id='word_1_127' title='bbox 1191 2409 1272 2478; x_wconf 89' lang='lat' dir='ltr'><strong>mihi</strong></span> 
     </span>
     <span class='ocr_line' id='line_1_19' title="bbox 104 2515 1271 2604; baseline 0.002 -23"><span class='ocrx_word' id='word_1_128' title='bbox 104 2515 269 2582; x_wconf 86' lang='lat' dir='ltr'><strong>videntur.</strong></span> <span class='ocrx_word' id='word_1_129' title='bbox 306 2517 445 2586; x_wconf 88' lang='lat' dir='ltr'><strong>thione</strong></span> <span class='ocrx_word' id='word_1_130' title='bbox 467 2520 561 2604; x_wconf 88' lang='lat' dir='ltr'><strong>enim,</strong></span> <span class='ocrx_word' id='word_1_131' title='bbox 586 2538 668 2601; x_wconf 85' lang='lat' dir='ltr'><strong>quae</strong></span> <span class='ocrx_word' id='word_1_132' title='bbox 682 2519 833 2601; x_wconf 89' lang='lat' dir='ltr'><strong>primitus</strong></span> <span class='ocrx_word' id='word_1_133' title='bbox 848 2519 883 2586; x_wconf 92' lang='lat' dir='ltr'><strong>in</strong></span> <span class='ocrx_word' id='word_1_134' title='bbox 898 2515 1139 2586; x_wconf 86' lang='lat' dir='ltr'><strong>instrumentali</strong></span> <span class='ocrx_word' id='word_1_135' title='bbox 1153 2516 1271 2601; x_wconf 82' lang='lat' dir='ltr'><strong>meret,</strong></span> 
     </span>
     <span class='ocr_line' id='line_1_20' title="bbox 105 2619 1273 2707; baseline 0.001 -22"><span class='ocrx_word' id='word_1_136' title='bbox 105 2638 170 2686; x_wconf 88' lang='lat' dir='ltr'><strong>nnn</strong></span> <span class='ocrx_word' id='word_1_137' title='bbox 193 2622 443 2691; x_wconf 89' lang='lat' dir='ltr'><strong>instrumentum</strong></span> <span class='ocrx_word' id='word_1_138' title='bbox 473 2625 694 2707; x_wconf 79' lang='lat' dir='ltr'><strong>significatur,</strong></span> <span class='ocrx_word' id='word_1_139' title='bbox 726 2644 788 2704; x_wconf 91' lang='lat' dir='ltr'><strong>qno</strong></span> <span class='ocrx_word' id='word_1_140' title='bbox 818 2625 963 2693; x_wconf 84' lang='lat' dir='ltr'><strong>adhibito</strong></span> <span class='ocrx_word' id='word_1_141' title='bbox 995 2623 1117 2704; x_wconf 84' lang='lat' dir='ltr'><strong>aliquid</strong></span> <span class='ocrx_word' id='word_1_142' title='bbox 1139 2621 1197 2688; x_wconf 86' lang='lat' dir='ltr'><strong>fiat</strong></span> <span class='ocrx_word' id='word_1_143' title='bbox 1221 2619 1273 2707; x_wconf 90' lang='lat' dir='ltr'><strong>(ut</strong></span> 
     </span>
     <span class='ocr_line' id='line_1_21' title="bbox 106 2726 1273 2815; baseline 0.002 -23"><span class='ocrx_word' id='word_1_144' title='bbox 106 2744 223 2792; x_wconf 87' lang='lat' dir='ltr'><strong>nomen</strong></span> <span class='ocrx_word' id='word_1_145' title='bbox 244 2729 340 2812; x_wconf 83' lang='lat' dir='ltr'><strong>nujus</strong></span> <span class='ocrx_word' id='word_1_146' title='bbox 364 2748 458 2796; x_wconf 88' lang='lat' dir='ltr'><strong>cesus</strong></span> <span class='ocrx_word' id='word_1_147' title='bbox 480 2729 626 2796; x_wconf 82' lang='lat' dir='ltr'><strong>indicere</strong></span> <span class='ocrx_word' id='word_1_148' title='bbox 648 2727 803 2815; x_wconf 83' lang='lat' dir='ltr'><strong>videtur),</strong></span> <span class='ocrx_word' id='word_1_149' title='bbox 827 2730 884 2794; x_wconf 91' lang='lat' dir='ltr'><strong>sed</strong></span> <span class='ocrx_word' id='word_1_150' title='bbox 906 2731 949 2796; x_wconf 88' lang='lat' dir='ltr'><strong>ab</strong></span> <span class='ocrx_word' id='word_1_151' title='bbox 973 2749 1012 2796; x_wconf 88' lang='lat' dir='ltr'><strong>ea</strong></span> <span class='ocrx_word' id='word_1_152' title='bbox 1035 2727 1214 2812; x_wconf 85' lang='lat' dir='ltr'><strong>provincia,</strong></span> <span class='ocrx_word' id='word_1_153' title='bbox 1238 2726 1273 2794; x_wconf 87' lang='lat' dir='ltr'><strong>in</strong></span> 
     </span>
     <span class='ocr_line' id='line_1_22' title="bbox 106 2832 1273 2920; baseline -0.002 -20"><span class='ocrx_word' id='word_1_154' title='bbox 106 2853 171 2914; x_wconf 86' lang='lat' dir='ltr'><strong>que</strong></span> <span class='ocrx_word' id='word_1_155' title='bbox 193 2833 333 2902; x_wconf 79' lang='lat' dir='ltr'><strong>maxime</strong></span> <span class='ocrx_word' id='word_1_156' title='bbox 355 2833 497 2902; x_wconf 83' lang='lat' dir='ltr'><strong>occurrit</strong></span> <span class='ocrx_word' id='word_1_157' title='bbox 518 2835 581 2920; x_wconf 85' lang='lat' dir='ltr'><strong>vel,</strong></span> <span class='ocrx_word' id='word_1_158' title='bbox 605 2841 642 2900; x_wconf 92' lang='lat' dir='ltr'><strong>ut</strong></span> <span class='ocrx_word' id='word_1_159' title='bbox 656 2834 863 2918; x_wconf 79' lang='lat' dir='ltr'><strong>grammatici</strong></span> <span class='ocrx_word' id='word_1_160' title='bbox 886 2835 1006 2918; x_wconf 86' lang='lat' dir='ltr'><strong>dicunt,</strong></span> <span class='ocrx_word' id='word_1_161' title='bbox 1030 2853 1051 2898; x_wconf 86' lang='lat' dir='ltr'><strong>a</strong></span> <span class='ocrx_word' id='word_1_162' title='bbox 1073 2832 1193 2913; x_wconf 89' lang='lat' dir='ltr'><strong>potiori</strong></span> <span class='ocrx_word' id='word_1_163' title='bbox 1212 2833 1273 2898; x_wconf 88' lang='lat' dir='ltr'><strong>hcc</strong></span> 
     </span>
     <span class='ocr_line' id='line_1_23' title="bbox 106 2937 1274 3034; baseline 0 -30"><span class='ocrx_word' id='word_1_164' title='bbox 106 2938 235 3007; x_wconf 87' lang='lat' dir='ltr'><strong>nomine</strong></span> <span class='ocrx_word' id='word_1_165' title='bbox 257 2939 514 3006; x_wconf 86' lang='lat' dir='ltr'><strong>instrumentalis</strong></span> <span class='ocrx_word' id='word_1_166' title='bbox 543 2945 676 3008; x_wconf 84' lang='lat' dir='ltr'><strong>notatus</strong></span> <span class='ocrx_word' id='word_1_167' title='bbox 699 2945 757 3006; x_wconf 88' lang='lat' dir='ltr'><strong>est.</strong></span> <span class='ocrx_word' id='word_1_168' title='bbox 804 2941 882 3021; x_wconf 83' lang='lat' dir='ltr'><strong>Ipse</strong></span> <span class='ocrx_word' id='word_1_169' title='bbox 912 2957 990 3008; x_wconf 89' lang='lat' dir='ltr'><strong>vero</strong></span> <span class='ocrx_word' id='word_1_170' title='bbox 1021 2937 1212 3034; x_wconf 80' lang='lat' dir='ltr'><strong>principalis</strong></span> <span class='ocrx_word' id='word_1_171' title='bbox 1235 2955 1274 3004; x_wconf 86' lang='lat' dir='ltr'><strong>ac</strong></span> 
     </span>
     <span class='ocr_line' id='line_1_24' title="bbox 107 3033 1274 3133; baseline -0.002 -23"><span class='ocrx_word' id='word_1_172' title='bbox 107 3043 242 3126; x_wconf 83' lang='lat' dir='ltr'><strong>propriu</strong></span> <span class='ocrx_word' id='word_1_173' title='bbox 263 3033 520 3133; x_wconf 80' lang='lat' dir='ltr'><strong>instrumentalis</strong></span> <span class='ocrx_word' id='word_1_174' title='bbox 542 3046 593 3115; x_wconf 83' lang='lat' dir='ltr'><strong>vis</strong></span> <span class='ocrx_word' id='word_1_175' title='bbox 616 3051 667 3112; x_wconf 83' lang='lat' dir='ltr'><strong>est</strong></span> <span class='ocrx_word' id='word_1_176' title='bbox 689 3065 738 3130; x_wconf 87' lang='lat' dir='ltr'><strong>ee,</strong></span> <span class='ocrx_word' id='word_1_177' title='bbox 761 3050 799 3112; x_wconf 88' lang='lat' dir='ltr'><strong>ut</strong></span> <span class='ocrx_word' id='word_1_178' title='bbox 821 3045 961 3128; x_wconf 85' lang='lat' dir='ltr'><strong>aliquem</strong></span> <span class='ocrx_word' id='word_1_179' title='bbox 979 3044 1033 3114; x_wconf 83' lang='lat' dir='ltr'><strong>vel</strong></span> <span class='ocrx_word' id='word_1_180' title='bbox 1055 3041 1179 3123; x_wconf 83' lang='lat' dir='ltr'><strong>aliquid</strong></span> <span class='ocrx_word' id='word_1_181' title='bbox 1202 3061 1274 3108; x_wconf 87' lang='lat' dir='ltr'><strong>curn</strong></span> 
     </span>
     <span class='ocr_line' id='line_1_25' title="bbox 107 3146 1274 3237; baseline -0.003 -22"><span class='ocrx_word' id='word_1_182' title='bbox 107 3168 248 3232; x_wconf 88' lang='lat' dir='ltr'><strong>persona</strong></span> <span class='ocrx_word' id='word_1_183' title='bbox 277 3150 329 3217; x_wconf 90' lang='lat' dir='ltr'><strong>vel</strong></span> <span class='ocrx_word' id='word_1_184' title='bbox 360 3169 397 3216; x_wconf 87' lang='lat' dir='ltr'><strong>re</strong></span> <span class='ocrx_word' id='word_1_185' title='bbox 419 3149 616 3232; x_wconf 78' lang='lat' dir='ltr'><strong>aliquemne</strong></span> <span class='ocrx_word' id='word_1_186' title='bbox 646 3151 804 3232; x_wconf 86' lang='lat' dir='ltr'><strong>simulque</strong></span> <span class='ocrx_word' id='word_1_187' title='bbox 827 3170 898 3218; x_wconf 88' lang='lat' dir='ltr'><strong>esse</strong></span> <span class='ocrx_word' id='word_1_188' title='bbox 920 3149 1020 3237; x_wconf 86' lang='lat' dir='ltr'><strong>(quod</strong></span> <span class='ocrx_word' id='word_1_189' title='bbox 1041 3167 1100 3214; x_wconf 85' lang='lat' dir='ltr'><strong>nus</strong></span> <span class='ocrx_word' id='word_1_190' title='bbox 1121 3146 1274 3214; x_wconf 85' lang='lat' dir='ltr'><strong>dicimus:</strong></span> 
     </span>
     <span class='ocr_line' id='line_1_26' title="bbox 109 3255 1274 3344; baseline -0.002 -24"><span class='ocrx_word' id='word_1_191' title='bbox 109 3255 178 3338; x_wconf 84' lang='lat' dir='ltr'><strong>,dus</strong></span> <span class='ocrx_word' id='word_1_192' title='bbox 192 3255 504 3342; x_wconf 85' lang='lat' dir='ltr'><strong>Zusammensein‚*)</strong></span> <span class='ocrx_word' id='word_1_193' title='bbox 527 3255 699 3324; x_wconf 86' lang='lat' dir='ltr'><strong>indicetur.</strong></span> <span class='ocrx_word' id='word_1_194' title='bbox 728 3255 924 3324; x_wconf 79' lang='lat' dir='ltr'><strong>Genetivum</strong></span> <span class='ocrx_word' id='word_1_195' title='bbox 938 3259 1056 3338; x_wconf 85' lang='lat' dir='ltr'><strong>autem,</strong></span> <span class='ocrx_word' id='word_1_196' title='bbox 1081 3271 1274 3344; x_wconf 81' lang='lat' dir='ltr'><strong>quemquem</strong></span> 
     </span>
     <span class='ocr_line' id='line_1_27' title="bbox 107 3357 1274 3448; baseline 0.003 -22"><span class='ocrx_word' id='word_1_197' title='bbox 107 3361 257 3442; x_wconf 88' lang='lat' dir='ltr'><strong>primitus</strong></span> <span class='ocrx_word' id='word_1_198' title='bbox 280 3360 392 3426; x_wconf 85' lang='lat' dir='ltr'><strong>localis</strong></span> <span class='ocrx_word' id='word_1_199' title='bbox 413 3361 503 3428; x_wconf 85' lang='lat' dir='ltr'><strong>notio</strong></span> <span class='ocrx_word' id='word_1_200' title='bbox 525 3361 557 3427; x_wconf 90' lang='lat' dir='ltr'><strong>ei</strong></span> <span class='ocrx_word' id='word_1_201' title='bbox 586 3361 720 3444; x_wconf 89' lang='lat' dir='ltr'><strong>propria</strong></span> <span class='ocrx_word' id='word_1_202' title='bbox 751 3365 840 3445; x_wconf 84' lang='lat' dir='ltr'><strong>erat,</strong></span> <span class='ocrx_word' id='word_1_203' title='bbox 870 3365 981 3427; x_wconf 82' lang='lat' dir='ltr'><strong>temen</strong></span> <span class='ocrx_word' id='word_1_204' title='bbox 1010 3357 1159 3448; x_wconf 74' lang='lat' dir='ltr'><strong>nodone,</strong></span> <span class='ocrx_word' id='word_1_205' title='bbox 1191 3377 1274 3440; x_wconf 76' lang='lat' dir='ltr'><strong>quse</strong></span> 
     </span>
     <span class='ocr_line' id='line_1_28' title="bbox 108 3464 1273 3555; baseline 0.001 -23"><span class='ocrx_word' id='word_1_206' title='bbox 108 3473 223 3548; x_wconf 83' lang='lat' dir='ltr'><strong>postea</strong></span> <span class='ocrx_word' id='word_1_207' title='bbox 243 3466 278 3532; x_wconf 92' lang='lat' dir='ltr'><strong>in</strong></span> <span class='ocrx_word' id='word_1_208' title='bbox 300 3466 361 3532; x_wconf 90' lang='lat' dir='ltr'><strong>hcc</strong></span> <span class='ocrx_word' id='word_1_209' title='bbox 383 3485 460 3534; x_wconf 88' lang='lat' dir='ltr'><strong>casu</strong></span> <span class='ocrx_word' id='word_1_210' title='bbox 482 3466 589 3548; x_wconf 84' lang='lat' dir='ltr'><strong>posita</strong></span> <span class='ocrx_word' id='word_1_211' title='bbox 612 3474 715 3555; x_wconf 86' lang='lat' dir='ltr'><strong>esset,</strong></span> <span class='ocrx_word' id='word_1_212' title='bbox 748 3488 820 3536; x_wconf 83' lang='lat' dir='ltr'><strong>eam</strong></span> <span class='ocrx_word' id='word_1_213' title='bbox 846 3466 982 3533; x_wconf 89' lang='lat' dir='ltr'><strong>ducrum</strong></span> <span class='ocrx_word' id='word_1_214' title='bbox 1003 3464 1168 3530; x_wconf 88' lang='lat' dir='ltr'><strong>nominum</strong></span> <span class='ocrx_word' id='word_1_215' title='bbox 1190 3485 1273 3534; x_wconf 71' lang='lat' dir='ltr'><strong>cunr</strong></span> 
     </span>
     <span class='ocr_line' id='line_1_29' title="bbox 109 3570 1276 3658; baseline 0 -20"><span class='ocrx_word' id='word_1_216' title='bbox 109 3572 300 3654; x_wconf 84' lang='lat' dir='ltr'><strong>positionem</strong></span> <span class='ocrx_word' id='word_1_217' title='bbox 322 3571 468 3639; x_wconf 86' lang='lat' dir='ltr'><strong>indicere</strong></span> <span class='ocrx_word' id='word_1_218' title='bbox 490 3571 641 3658; x_wconf 88' lang='lat' dir='ltr'><strong>vidimus,</strong></span> <span class='ocrx_word' id='word_1_219' title='bbox 665 3594 730 3656; x_wconf 87' lang='lat' dir='ltr'><strong>qua</strong></span> <span class='ocrx_word' id='word_1_220' title='bbox 752 3574 815 3641; x_wconf 90' lang='lat' dir='ltr'><strong>duc</strong></span> <span class='ocrx_word' id='word_1_221' title='bbox 837 3571 969 3638; x_wconf 84' lang='lat' dir='ltr'><strong>nomina</strong></span> <span class='ocrx_word' id='word_1_222' title='bbox 984 3570 1070 3637; x_wconf 85' lang='lat' dir='ltr'><strong>inter</strong></span> <span class='ocrx_word' id='word_1_223' title='bbox 1089 3589 1124 3636; x_wconf 90' lang='lat' dir='ltr'><strong>se</strong></span> <span class='ocrx_word' id='word_1_224' title='bbox 1140 3577 1220 3651; x_wconf 84' lang='lat' dir='ltr'><strong>epte</strong></span> <span class='ocrx_word' id='word_1_225' title='bbox 1242 3577 1276 3638; x_wconf 88' lang='lat' dir='ltr'><strong>ct</strong></span> 
     </span>
     <span class='ocr_line' id='line_1_30' title="bbox 111 3675 1276 3764; baseline -0.003 -18"><span class='ocrx_word' id='word_1_226' title='bbox 111 3697 257 3746; x_wconf 74' lang='lat' dir='ltr'><strong>connum</strong></span> <span class='ocrx_word' id='word_1_227' title='bbox 272 3684 362 3744; x_wconf 84' lang='lat' dir='ltr'><strong>arcte</strong></span> <span class='ocrx_word' id='word_1_228' title='bbox 377 3679 650 3763; x_wconf 81' lang='lat' dir='ltr'><strong>conjungerentur</strong></span> <span class='ocrx_word' id='word_1_229' title='bbox 665 3676 765 3764; x_wconf 82' lang='lat' dir='ltr'><strong>(quod</strong></span> <span class='ocrx_word' id='word_1_230' title='bbox 777 3699 836 3746; x_wconf 89' lang='lat' dir='ltr'><strong>nos</strong></span> <span class='ocrx_word' id='word_1_231' title='bbox 848 3675 984 3743; x_wconf 88' lang='lat' dir='ltr'><strong>dicimus</strong></span> <span class='ocrx_word' id='word_1_232' title='bbox 998 3675 1062 3759; x_wconf 89' lang='lat' dir='ltr'><strong>‚die</strong></span> <span class='ocrx_word' id='word_1_233' title='bbox 1072 3675 1276 3742; x_wconf 54' lang='lat' dir='ltr'><strong>nusammens</strong></span> 
     </span>
     <span class='ocr_line' id='line_1_31' title="bbox 110 3780 1276 3876; baseline -0.001 -25"><span class='ocrx_word' id='word_1_234' title='bbox 110 3785 352 3872; x_wconf 81' lang='lat' dir='ltr'><strong>geh‘drigkeit‘).</strong></span> <span class='ocrx_word' id='word_1_235' title='bbox 399 3784 446 3850; x_wconf 81' lang='lat' dir='ltr'><strong>cf.</strong></span> <span class='ocrx_word' id='word_1_236' title='bbox 477 3803 552 3868; x_wconf 82' lang='lat' dir='ltr'><strong>pag.</strong></span> <span class='ocrx_word' id='word_1_237' title='bbox 577 3786 630 3851; x_wconf 84' lang='lat'><strong>24.</strong></span> <span class='ocrx_word' id='word_1_238' title='bbox 678 3784 831 3852; x_wconf 81' lang='lat' dir='ltr'><strong>Genetivi</strong></span> <span class='ocrx_word' id='word_1_239' title='bbox 861 3783 964 3876; x_wconf 85' lang='lat' dir='ltr'><strong>igitur</strong></span> <span class='ocrx_word' id='word_1_240' title='bbox 994 3780 1185 3850; x_wconf 85' lang='lat' dir='ltr'><strong>secundario</strong></span> <span class='ocrx_word' id='word_1_241' title='bbox 1216 3801 1276 3850; x_wconf 92' lang='lat' dir='ltr'><strong>usu</strong></span> 
     </span>
     <span class='ocr_line' id='line_1_32' title="bbox 112 3887 1275 3974; baseline 0.002 -19"><span class='ocrx_word' id='word_1_242' title='bbox 112 3891 244 3957; x_wconf 89' lang='lat' dir='ltr'><strong>ducrum</strong></span> <span class='ocrx_word' id='word_1_243' title='bbox 260 3890 434 3974; x_wconf 88' lang='lat' dir='ltr'><strong>nominum,</strong></span> <span class='ocrx_word' id='word_1_244' title='bbox 457 3889 714 3957; x_wconf 88' lang='lat' dir='ltr'><strong>instrumentalis</strong></span> <span class='ocrx_word' id='word_1_245' title='bbox 730 3910 790 3957; x_wconf 90' lang='lat' dir='ltr'><strong>usu</strong></span> <span class='ocrx_word' id='word_1_246' title='bbox 805 3890 978 3958; x_wconf 85' lang='lat' dir='ltr'><strong>verborum</strong></span> <span class='ocrx_word' id='word_1_247' title='bbox 999 3905 1070 3952; x_wconf 87' lang='lat' dir='ltr'><strong>cum</strong></span> <span class='ocrx_word' id='word_1_248' title='bbox 1092 3887 1275 3957; x_wconf 84' lang='lat' dir='ltr'><strong>numinibus</strong></span> 
     </span>
     <span class='ocr_line' id='line_1_33' title="bbox 112 3991 1277 4078; baseline 0 -18"><span class='ocrx_word' id='word_1_249' title='bbox 112 3997 319 4064; x_wconf 85' lang='lat' dir='ltr'><strong>cohaerentia</strong></span> <span class='ocrx_word' id='word_1_250' title='bbox 348 3997 520 4064; x_wconf 81' lang='lat' dir='ltr'><strong>irrdicutur.</strong></span> <span class='ocrx_word' id='word_1_251' title='bbox 574 3994 664 4076; x_wconf 72' lang='lat' dir='ltr'><strong>Quae</strong></span> <span class='ocrx_word' id='word_1_252' title='bbox 688 4015 759 4062; x_wconf 89' lang='lat' dir='ltr'><strong>cum</strong></span> <span class='ocrx_word' id='word_1_253' title='bbox 782 3996 830 4061; x_wconf 89' lang='lat' dir='ltr'><strong>itu</strong></span> <span class='ocrx_word' id='word_1_254' title='bbox 861 3993 945 4078; x_wconf 88' lang='lat' dir='ltr'><strong>sint,</strong></span> <span class='ocrx_word' id='word_1_255' title='bbox 977 3991 1182 4074; x_wconf 90' lang='lat' dir='ltr'><strong>perspicuum</strong></span> <span class='ocrx_word' id='word_1_256' title='bbox 1213 3995 1277 4060; x_wconf 87' lang='lat' dir='ltr'><strong>crit</strong></span> 
     </span>
    </p>
   </div>
   <div class='ocr_carea' id='block_1_6' title="bbox 216 4227 518 4300">
    <p class='ocr_par' dir='ltr' id='par_1_7' title="bbox 216 4227 518 4300">
     <span class='ocr_line' id='line_1_34' title="bbox 216 4227 518 4300; baseline 0.003 -17"><span class='ocrx_word' id='word_1_257' title='bbox 216 4229 241 4300; x_wconf 89' lang='grc'><strong>*)</strong></span> <span class='ocrx_word' id='word_1_258' title='bbox 260 4229 293 4284; x_wconf 84' lang='lat' dir='ltr'><strong>ci.</strong></span> <span class='ocrx_word' id='word_1_259' title='bbox 314 4227 408 4282; x_wconf 88' lang='lat' dir='ltr'><strong>Delbr.</strong></span> <span class='ocrx_word' id='word_1_260' title='bbox 428 4243 455 4298; x_wconf 89' lang='lat' dir='ltr'><strong>p.</strong></span> <span class='ocrx_word' id='word_1_261' title='bbox 474 4228 518 4284; x_wconf 83' lang='lat' dir='ltr'><strong>iri).</strong></span> 
     </span>
    </p>
   </div>
   <div class='ocr_carea' id='block_1_7' title="bbox 0 0 1506 4754">
    <p class='ocr_par' dir='ltr' id='par_1_8' title="bbox 0 0 1506 4754">
     <span class='ocr_line' id='line_1_35' title="bbox 0 0 1506 4754; baseline 0 0"><span class='ocrx_word' id='word_1_262' title='bbox 0 0 1506 4754; x_wconf 95' lang='lat' dir='ltr'><strong> </strong></span> 
     </span>
    </p>
   </div>
  </div>
 </body>
</html>
