2970 4754
683 282 892 390 Ar„

208 474 323 556 ortibus
346 476 540 544 dictionibus
570 479 657 548 nullo
680 484 773 552 modo
795 483 867 552 fieri
890 489 1013 567 potest,
1042 489 1079 550 ut
1097 485 1200 552 aliter
1223 489 1376 571 genetivi

209 581 420 667 accipiantur,
445 589 542 666 atone
564 586 837 674 instrumentales,
862 588 961 672 positi
975 590 1016 656 ad
1032 589 1224 660 iudicandas
1245 614 1302 660 eas
1317 595 1372 664 vel

208 709 364 770 personas
385 689 439 756 vel
461 709 530 771 res,
563 713 646 774 quae
675 695 871 764 comitantur
893 695 986 777 quasi
1011 695 1171 763 actionem
1193 701 1296 766 verbo
1320 721 1376 766 exa

209 815 363 876 pressam.
409 795 473 862 Hic
494 795 564 878 ipse
586 800 730 882 genetivi
752 821 828 868 usus
848 800 1101 868 luculentissima
1130 802 1209 868 mibi
1239 804 1373 872 videtur

209 901 447 984 demonstrare,
480 921 574 983 quam
604 905 785 987 propinqua
806 907 950 974 habeant
972 906 1110 974 confinia
1141 910 1315 992 genetivus
1337 917 1372 978 et

208 1006 479 1074 instrumentalis:
510 1009 544 1075 id
567 1011 651 1091 quuod
672 1012 811 1078 maxime
833 1019 972 1094 apparet
994 1012 1028 1078 in
1049 1013 1212 1080 locutione
1234 1017 1317 1084 trita
1339 1023 1373 1083 at

209 1113 243 1178 in
264 1112 381 1195 vulgus
404 1117 496 1180 nota:
520 1113 553 1180 ot
571 1115 657 1198 μετὰ
678 1116 868 1199 Πλάτωνος,
891 1119 976 1200 quod
999 1119 1095 1201 plane
1117 1119 1151 1186 id
1174 1119 1281 1201 ipsum
1305 1128 1376 1188 est:

211 1217 386 1301 ‚auditores
410 1224 443 1283 et
466 1218 616 1301 discipuli
637 1221 806 1288 Platonis‘.

314 1325 530 1404 Posteaquam
545 1323 647 1408 igitur
664 1327 743 1394 duos
758 1333 885 1394 tantum
900 1345 1020 1413 eornm,
1044 1349 1123 1411 quos
1134 1331 1372 1401 Delbrueckius

210 1429 337 1513 statuit,
361 1429 530 1512 genetivus
552 1429 814 1499 instrumentales
836 1432 1027 1516 agnovimus
1053 1442 1087 1502 et
1098 1436 1173 1520 jure
1195 1457 1234 1504 ac
1256 1439 1373 1506 merito

211 1555 265 1604 eos
288 1535 392 1618 accipi
414 1534 506 1602 nobis
530 1535 677 1604 videmur
701 1538 948 1623 demonstrasse,
971 1558 1030 1606 nos
1053 1541 1141 1608 adira
1163 1543 1374 1612 Delbrueckii

211 1641 405 1710 sententiam
428 1642 593 1724 progressi
616 1642 896 1710 instrumentalem
925 1645 1072 1727 genetivi
1094 1665 1184 1714 usum
1207 1668 1374 1719 censemus

211 1746 351 1814 nondum
375 1763 445 1811 esse
468 1747 650 1812 absolutum
673 1767 713 1814 ac
735 1748 1022 1831 circumscriptum.

315 1853 423 1932 Atque
437 1850 575 1933 primum
592 1852 720 1934 qnidam
736 1852 834 1920 etiam
846 1853 1033 1937 genetivum
1045 1857 1152 1941 pretii,
1176 1858 1232 1939 qui
1243 1859 1374 1945 dicitur,

180 1955 186 1962 ’
212 1961 260 2027 ita
289 1979 360 2026 esse
391 1959 617 2042 explicandum
647 1965 742 2044 puto,
773 1966 810 2026 ut
839 1957 1010 2043 genetivus
1040 1962 1297 2032 instrumentalis
1323 1967 1375 2033 sit.

213 2065 306 2146 Quod
328 2071 365 2132 ut
387 2066 549 2134 numellis
572 2072 685 2148 pateat
708 2065 872 2150 exemplis,
896 2064 1011 2132 offero:
1035 2073 1084 2148 Χ,
1107 2068 1166 2133 5οε
1192 2068 1319 2151 χαλκοῦ
1341 2097 1376 2138 νο

212 2175 338 2256 χροσοῦ
360 2169 386 2236 ι’
403 2170 689 2259 ἀπολυσόμεθ’(ο)
709 2172 730 2238 i.
747 2192 774 2238 e.
790 2171 984 2238 redimemus
1000 2191 1089 2255 auro,
1113 2173 1199 2253 quod
1222 2175 1372 2244 dabimus

210 2277 338 2364 (durch
362 2276 456 2344 Gold‘
487 2277 539 2344 vel
571 2276 635 2360 ,fiir
658 2276 768 2363 Gold‘)
791 2286 844 2356 A,
870 2279 932 2344 160
941 2303 954 2358 ;ι
979 2275 1094 2342 livosa
1124 2275 1274 2344 ἀποίνων
1297 2281 1318 2348 i.
1344 2301 1371 2349 e.

209 2382 352 2450 reddidit
374 2381 490 2465 pretio,
515 2381 600 2464 quod
622 2381 652 2448 ei
674 2380 872 2450 afferebatur
895 2380 974 2468 (diu
989 2381 1185 2469 Ltsegeld‘).
1224 2389 1266 2465 Ψ,
1290 2388 1373 2454 485;

210 2492 371 2574 τρίποδος
393 2488 641 2572 περιδώμεθον,
665 2499 706 2573 ψ,
730 2487 789 2554 78:
812 2487 939 2572 irrideo
961 2489 1192 2575 περιδώσομαι
1215 2489 1328 2577 αὐτῆς.

315 2592 509 2661 (sanativum
525 2599 633 2662 autem
645 2593 692 2660 ita
704 2593 995 2678 interpretantibus
1009 2604 1080 2660 uon·
1090 2594 1193 2660 solum
1205 2595 1376 2664 samarita

210 2700 332 2783 lingua,
357 2698 476 2781 quippe
498 2719 581 2782 quae
604 2699 883 2768 instrumentalem
905 2702 1072 2784 praebeat,
1095 2698 1188 2766 nobis
1211 2701 1374 2786 subvenit,

211 2805 268 2872 sed
290 2804 389 2872 etiam
412 2811 606 2890 argumenta
629 2806 769 2873 elatine
792 2805 905 2890 lingua
927 2805 1033 2886 petita
1054 2823 1118 2872 non
1142 2804 1373 2874 desideramus

211 2912 396 2977 Sermonem
419 2911 505 2976 euim
526 2911 664 2977 latinum
686 2912 789 2977 verba
820 2908 947 2974 emendi
967 2908 1021 2975 vel
1049 2910 1212 2976 vendendi
1235 2916 1268 2976 et
1291 2931 1376 2992 quae

211 3014 329 3083 similia
351 3014 545 3099 significent,
569 3031 641 3080 cum
664 3013 808 3083 ablativo
830 3013 851 3080 i.
869 3032 896 3080 e.
913 3012 1154 3082 instrumentali
1177 3017 1376 3100 conjungere

211 3122 296 3189 inter
320 3140 429 3188 omues
451 3125 589 3205 constat,
612 3119 702 3188 velut
715 3119 824 3188 Plaut.
847 3119 964 3186 Pseud.
987 3121 1044 3204 IV,
1069 3122 1099 3204 7,
1124 3120 1182 3186 95:
1206 3121 1376 3205 ,quantillo

212 3228 343 3312 argenti
364 3234 398 3294 te
421 3226 575 3293 conduxit
588 3225 802 3294 Pseudolusi‘
847 3226 946 3293 llere.
962 3226 1008 3311 ΙΙ,
1031 3227 1062 3310 4,
1089 3226 1145 3292 19:
1170 3227 1289 3308 neque
1311 3228 1377 3294 exis

211 3353 302 3400 mam
319 3332 489 3399 Mulierem
509 3319 651 3414 'pratici‘
683 3331 751 3418 (cui
780 3333 925 3415 exemplo
958 3349 1090 3414 prorsus
1113 3331 1288 3413 respondet
1310 3332 1376 3399 Ho=

212 3437 366 3506 maricam
389 3437 470 3504 illud
489 3434 608 3502 ’ἑλοσεν
630 3436 805 3525 ἀποίνων.)
846 3438 941 3504 Most
958 3438 1021 3520 III,
1044 3439 1076 3520 2,
1102 3438 1181 3504 136:
1206 3455 1253 3520 ,eo
1268 3439 1376 3518 pretio

213 3541 314 3628 empti
336 3543 467 3612 iuverant
490 3541 586 3608 olim‘.
632 3544 681 3610 Ac
695 3561 737 3610 oe
752 3543 823 3625 quis
842 3543 928 3610 forte
943 3541 1032 3610 dicat
1054 3543 1185 3610 obstare
1208 3541 1239 3608 ei
1253 3542 1376 3610 rationi

212 3650 261 3735 id,
286 3649 371 3732 quod
393 3649 426 3716 in
449 3648 563 3733 lingna
592 3648 697 3716 latina
726 3655 858 3731 praeter
880 3649 1060 3718 ablativum
1082 3647 1182 3716 etiam
1204 3647 1376 3732 genetivus

212 3755 312 3838 pretii
322 3761 462 3837 ponatur
478 3755 512 3821 in
527 3754 752 3839 locutionibus,
776 3756 964 3838 qualassint
977 3754 1108 3840 ,magni
1131 3753 1237 3836 parvi,
1260 3753 1374 3840 pluris,

212 3860 355 3928 minoris‘
380 3865 452 3944 cet,
477 3860 647 3928 dicendum
662 3860 741 3926 mihi
763 3867 822 3946 est,
846 3862 923 3943 quid
938 3863 979 3928 de
993 3859 1034 3926 iis
1050 3856 1212 3941 genetivis
1221 3857 1374 3942 judicem.

212 3968 322 4048 Atque
351 3985 424 4034 mea
453 3966 579 4046 quidem
609 3967 773 4034 sententia
795 3966 820 4032 ii
842 3966 987 4050 genetivi
1016 3981 1080 4030 non
1112 3981 1153 4027 ex
1182 3961 1253 4045 ipso
1274 3967 1375 4033 verbo

213 4071 340 4142 emendi
363 4071 416 4139 vel
437 4071 601 4140 vendendi
622 4072 781 4156 pendent,
812 4072 870 4140 sed
900 4091 941 4138 ex
971 4067 1099 4136 nomine
1131 4069 1268 4151 quodam
1291 4070 1376 4153 cogis

212 4178 337 4246 tatione
359 4177 557 4262 adjiciendo,
580 4179 665 4258 quod
687 4178 757 4249 fere
779 4183 829 4244 est
853 4176 977 4261 ,homost
1019 4175 1119 4244 Velut
1144 4193 1216 4244 cum
1238 4173 1375 4256 legimns
