2970 4754
219 1644 449 1726 Comparativa
482 1641 697 1726 grammatica
730 1643 764 1707 in
798 1641 979 1706 scholarum
1014 1659 1139 1721 quoque
1172 1659 1274 1723 usum,

114 1757 269 1830 quantum
292 1751 364 1815 fieri
394 1755 517 1832 potest,
552 1749 701 1816 vocanda
732 1753 799 1831 est,
834 1746 882 1812 ita
911 1753 1038 1830 tamen,
1073 1751 1109 1812 ut
1138 1746 1277 1812 materia

115 1855 261 1946 discendi
295 1875 359 1926 non
393 1861 571 1939 augeatur,
607 1855 664 1920 sed
696 1853 870 1920 nonnullae
900 1853 1134 1936 grammaticae
1164 1859 1276 1933 partes

115 1945 320 2028 illustrentur
344 1967 440 2041 atque
463 1960 688 2041 explanantur.

678 2165 723 2230 Π.

222 2306 381 2372 Homerus
405 2327 466 2373 non
491 2308 564 2373 fuit.
609 2307 754 2374 Nominis
777 2325 855 2374 vero
878 2307 1013 2372 Homeri
1035 2293 1127 2389 origo
1149 2309 1191 2372 ab
1214 2308 1279 2372 Hc

118 2411 249 2475 meridis
281 2413 335 2490 qui
365 2423 524 2479 vocantur
549 2415 695 2480 ducenda
726 2421 793 2496 est,
828 2413 898 2496 qui,
934 2431 1005 2478 cum
1036 2413 1078 2476 ad
1113 2413 1278 2477 colendam

119 2515 229 2594 poesin
267 2517 504 2582 consociatione
544 2520 706 2602 conjuncti
745 2524 869 2600 essent,
916 2518 998 2604 artis
1044 2525 1077 2582 et
1114 2518 1278 2584 societatis

119 2626 283 2686 auctorem
304 2623 468 2686 finxerunt
490 2640 625 2702 eumque
646 2627 684 2688 ut
706 2617 797 2708 ἥρωα
820 2623 994 2706 ἐπώνυμον
1016 2629 1211 2690 statuerunt.

667 2828 730 2896 III.

224 2967 405 3052 Transitio,
441 2988 535 3050 quam
559 2969 720 3035 sanserita
750 2970 872 3037 vocalis
896 2975 938 3046 ‚o‘
961 2970 994 3034 in
1017 2989 1137 3052 graeca
1166 2969 1279 3052 lingua
1315 2977 1316 2984 ’

119 3071 152 3134 in
176 3095 191 3133 ε
213 3072 266 3139 vel
291 3097 308 3136 o
332 3073 426 3157 feeit,
452 3075 493 3139 ad
517 3081 639 3140 certam
663 3075 767 3158 legem
790 3075 907 3140 referri
931 3081 1045 3156 potest.
1093 3076 1132 3139 In
1156 3075 1279 3156 apertis

119 3176 202 3241 enim
226 3178 360 3258 syllabis
385 3185 426 3252 ,α’
445 3179 479 3244 in
503 3205 538 3259 a,
569 3180 602 3244 in
633 3181 751 3246 clausis
781 3200 859 3247 vero
891 3180 923 3245 in
952 3205 970 3244 o
994 3180 1083 3245 abiit.
1130 3179 1278 3260 Formae,

120 3283 230 3362 quales
261 3289 336 3348 sunt
367 3281 480 3368 ’ἔφερες
504 3306 544 3342 :
569 3305 647 3351 ssor.
679 3289 851 3363 ,chloran
887 3285 946 3368 ἐγώ
975 3308 1015 3342 :
1039 3305 1117 3350 sscr.
1150 3287 1277 3360 ,atalo·‚

119 3387 256 3470 similae,
290 3389 442 3455 videntur
472 3396 600 3456 tantum
631 3391 840 3473 excipiendae
871 3410 957 3474 esse,
991 3409 1096 3471 neque
1118 3408 1196 3455 vero
1228 3409 1279 3454 exz

119 3491 287 3572 cipiendae
313 3499 397 3560 snut.

675 3705 730 3768 IV.

224 3837 460 3920 Empirieorum
485 3841 539 3922 qui
561 3846 719 3908 vocantur
742 3842 945 3924 philosophia
970 3846 1143 3922 propterea
1166 3842 1280 3919 proba

120 3944 247 4010 bilitate
271 3965 309 4010 ac
331 3945 394 4012 fide
411 3952 511 4030 caret,
535 3946 619 4026 quod
635 3949 809 4014 secundum
825 3948 953 4012 illorum
968 3945 1128 4013 rationem
1142 3945 1280 4010 morales

121 4056 154 4118 et
177 4049 308 4119 divinae
330 4051 424 4119 ideae
446 4057 610 4135 nequeunt
633 4051 766 4134 concipi.
