2970 4754
758 321 807 392 24

677 419 886 432 m—

203 522 314 594 netivo
343 523 596 606 imponerentur.
650 523 860 595 Exstiterunt
889 519 992 605 igitur
1021 517 1216 601 locutiones,
1252 515 1371 598 quales

199 629 432 715 1111111111
454 632 515 714 τῆς
537 634 625 695 Xioc
656 627 789 716 (Nechr.
813 645 877 698 von
900 622 1090 711 01111111)
1119 622 1252 706 κύματα
1282 644 1372 686 παν-

199 742 299 802 τοίων
322 734 465 818 datam,
488 727 586 819 ἧτται
608 738 670 799 τοῦ
694 736 861 818 πόματος,
884 731 978 798 eliac.
1012 731 1058 796 Ut
1079 728 1225 796 breviter
1248 727 1369 809 dicam,

202 840 376 925 genetivus
410 839 445 906 in
478 839 660 920 posteriore
694 859 755 906 usu
793 845 843 906 est
879 855 990 919 casus,
1032 834 1088 916 qui
1124 831 1370 900 cohaerentiam

201 951 391 1026 arctamque
414 944 550 1010 duorum
572 944 737 1010 numinum
752 939 1163 1028 1111111111111111111,
1185 937 1238 1003 111
1252 937 1370 1006 variae

201 1056 235 1118 11
256 1049 452 1130 multiplices
475 1048 732 1132 significationes
755 1051 900 1116 subsunt.

303 1153 500 1222 Primariam
521 1154 624 1237 igitur
647 1155 792 1237 genetivi
813 1155 880 1223 vim
902 1152 1037 1220 localem
1063 1148 1162 1218 fuisse
1191 1148 1250 1233 iis,
1284 1167 1368 1230 quae

200 1259 306 1326 adhuc
327 1258 510 1343 disputavi,
542 1260 698 1339 probasse
714 1259 807 1326 milri
827 1258 951 1327 videor.
970 1301 972 1306 .
997 1256 1061 1322 Sed
1086 1255 1226 1321 fortasse
1248 1253 1367 1339 aliquis

204 1369 358 1449 quaerat,
391 1382 448 1429 our
477 1363 608 1448 lingua,
641 1382 713 1430 cum
742 1363 854 1430 localis
880 1381 974 1430 casus
1000 1362 1069 1446 jam
1101 1360 1250 1444 vigeret,
1280 1359 1367 1426 ultro

200 1468 300 1536 alium
314 1487 433 1553 111111,
457 1469 654 1554 genetivum,
672 1469 784 1536 eadem
799 1468 1036 1551 significatione
1051 1465 1234 1549 praeditum
1249 1464 1368 1532 forma

201 1573 298 1660 verit,
322 1579 355 1664 et
376 1581 538 1658 sumptum
553 1575 686 1658 linguae
701 1573 882 1641 effusiorem
898 1593 968 1640 esse
983 1573 1081 1656 dicat,
1104 1589 1177 1638 1111
1192 1575 1367 1652 utrumque

205 1697 315 1746 casnm
337 1679 510 1747 effluxerit.
553 1681 600 1746 Ut
622 1678 724 1760 igitur
748 1679 788 1744 de
810 1678 954 1762 ratione,
986 1695 1068 1758 quae
1091 1675 1177 1742 inter
1199 1675 1313 1742 localis
1332 1683 1367 1742 11

203 1782 357 1868 genetivi
379 1801 472 1849 casus
495 1802 587 1850 usum
616 1782 856 1866 intercedebat,
887 1782 1032 1850 breviter
1055 1779 1205 1866 dicerem,
1232 1781 1367 1848 localem

206 1909 317 1958 casum
339 1887 432 1956 initio
455 1887 504 1956 ita
525 1894 716 1972 usurpatum
738 1886 838 1953 fuisse
859 1893 952 1973 puto,
976 1892 1013 1952 ut
1035 1891 1069 1952 et
1091 1904 1163 1952 curn
1185 1886 1368 1954 nominibus
1479 1951 1480 1958 ,

205 2002 239 2063 11
263 2013 335 2062 cum
357 1993 468 2063 verbis
491 1995 742 2080 conjungeretur
765 1993 807 2060 ad
829 2013 883 2060 eus
906 1993 985 2060 fines
1009 1990 1255 2075 describendos,
1279 1992 1369 2060 intra

203 2118 283 2182 quos
305 2099 429 2182 aliqrrid
450 2106 648 2168 versaretur.
693 2100 813 2168 Postea
835 2105 961 2184 antem,
992 2119 1064 2166 cum
1094 2097 1265 2181 genetivus
1296 2117 1369 2179 pro

204 2210 333 2274 creatus
363 2209 466 2288 esset,
497 2205 609 2272 localis
640 2223 734 2272 cesus
764 2224 803 2272 11
833 2209 960 2270 tentum
986 2223 1122 2270 munera
1143 2202 1298 2285 retinuit,
1326 2222 1370 2270 ex

204 2312 320 2395 quibus
344 2307 552 2393 conjungitur
575 2328 646 2375 cum
668 2309 796 2393 verbis,
822 2327 900 2384 ,cum
930 2313 1039 2374 cetera
1069 2308 1139 2392 ejus
1161 2326 1305 2374 *munera
1334 2308 1370 2374 in

203 2416 391 2502 genetivum
411 2412 688 2496 transferrentur,
718 2412 766 2478 ita
787 2419 915 2497 temen,
946 2419 983 2478 ut
1012 2413 1125 2480 localis
1152 2432 1245 2480 casus
1269 2413 1370 2480 etiarn

204 2520 322 2604 prioris
345 2540 438 2605 usus,
467 2539 529 2601 quo
560 2518 632 2586 cum
654 2516 836 2585 nominibus
859 2537 983 2601 quoque
1012 2519 1287 2604 conjungebatur,
1319 2540 1371 2586 rc

204 2626 321 2708 liqnias
344 2625 500 2706 quasdam
522 2630 723 2694 reservaret:
748 2626 838 2710 cujus
860 2625 1103 2708 ususgenetivo
1117 2630 1152 2688 et
1165 2623 1263 2690 locali
1286 2644 1371 2692 com=
1479 2647 1480 2652 ¹

204 2730 310 2798 munis
332 2735 487 2798 sexcenta
509 2732 656 2814 exempla
679 2751 699 2798 a
718 2731 935 2798 Delbrueekio
959 2735 992 2798 et
1008 2730 1135 2798 Sieckio
1158 2729 1260 2804 allata
1282 2729 1372 2796 inve
1479 2758 1480 2800 i

205 2835 276 2902 nies
299 2833 354 2920 (ci.
378 2853 453 2919 pag.
473 2837 511 2902 17
537 2838 641 2920 goshv
663 2839 808 2920 icvarah,
832 2835 920 2912 ἄναξ
942 2836 1062 2902 similia
1083 2852 1155 2901 cnm
1177 2833 1275 2900 locali
1290 2853 1372 2902 casu
1479 2825 1480 2830 ’

206 2943 411 3022 constructa,
434 2959 465 3021 p.
489 2941 550 3024 25,
581 2941 638 3007 ubi
660 2941 701 3006 de
723 2924 894 3026 adjectivis
921 2959 992 3006 cum
1015 2940 1166 3022 genetivo
1190 2938 1372 3022 conjunctis
1479 2939 1480 2958 ¹

206 3043 347 3132 agetur).
387 3042 427 3107 In
449 3044 602 3126 genetivo
618 3050 652 3111 et
666 3046 762 3112 locali
777 3045 905 3112 casibus
928 3044 1149 3130 procreandis,
1172 3043 1236 3128 qui,
1261 3062 1373 3124 quamv

206 3169 303 3233 quam
326 3148 462 3214 eandem
484 3148 753 3233 significationem
775 3151 949 3234 habebant,
972 3169 1032 3216 usu
1046 3156 1155 3216 tamen
1179 3149 1302 3231 aliquid
1325 3149 1372 3216 dp

204 3274 336 3332 versum
358 3255 553 3336 spectabant
576 3254 676 3343 (alter
698 3257 783 3324 enim
806 3275 900 3324 casus
923 3256 1063 3339 nomina,
1091 3257 1176 3321 alter
1198 3255 1301 3322 verba
1324 3273 1373 3321 se

206 3361 315 3450 quitur
330 3358 373 3424 ad
388 3359 474 3424 idern
488 3360 750 3448 significandum)
766 3362 901 3428 ubertas
915 3361 1162 3440 fecunditasque
1177 3359 1370 3444 ostenditur,

206 3481 290 3566 quae
311 3463 438 3547 priscae
459 3464 592 3549 linguae
614 3466 735 3532 aetatis
757 3466 891 3549 propria
906 3472 966 3532 est.
1013 3463 1085 3546 Qua
1100 3483 1141 3530 ex
1155 3470 1251 3547 parte
1272 3465 1372 3532 liceat
1479 3467 1480 3472 ’

207 3569 286 3638 mihi
308 3569 411 3636 Pettii
433 3569 498 3638 viri
514 3571 691 3640 doctissimi
705 3573 808 3639 verba
826 3573 861 3638 in
876 3572 1014 3640 medium
1030 3569 1188 3654 prolerre,
1211 3589 1294 3651 quae
1309 3572 1372 3637 huc

205 3680 365 3758 spectant.
391 3675 640 3762 ,DieSprache‘,
665 3677 779 3762 inquit,
788 3678 820 3767 ³¹¹)
843 3679 887 3744 ist
897 3677 997 3761 reich,
1021 3678 1101 3744 aber
1113 3676 1371 3743 haushtlterisch

205 3781 266 3847 mit
287 3781 381 3848 ihren
396 3783 536 3870 Mitteln,
560 3787 645 3850 setzt
668 3782 760 3849 ihren
784 3784 955 3851 Reichtnm
977 3783 1068 3849 nicht
1090 3783 1124 3847 in
1147 3781 1200 3847 die
1222 3773 1370 3866 Menge

206 3905 271 3955 von
294 3885 455 3954 Gebilden
478 3889 625 3973 gleichen
644 3887 782 3975 Inhalts,
805 3890 944 3956 sondern
968 3889 1002 3954 in
1026 3888 1078 3953 die
1100 3887 1292 3954 fruchtbare
1307 3889 1372 3954 Ans

206 3991 370 4076 wendung
393 4011 434 4058 zu
456 3991 718 4079 verschiedenen,
743 3993 791 4060 oft
809 3995 893 4062 auch
907 3993 1072 4062 vielleicht
1094 3993 1215 4059 nicht
1234 3993 1371 4062 allana
1474 4002 1480 4016 '

311 4221 337 4291 *)
354 4213 476 4287 (lacerti.
494 4219 639 4290 etymolog.
660 4221 717 4286 ¹11,
740 4237 766 4290 p.
786 4218 849 4275 702.
