2970 4754
690 323 898 434 ...ffl-

258 547 295 610 φ,
318 523 381 590 108
404 543 446 584 ·.·-·
471 527 500 608 ξ,
525 523 577 589 97.
602 522 661 590 98:
695 519 751 612 ei'q
780 527 841 590 νῦν
870 518 929 590 οὐκ
950 514 1024 586 ’ὄπι
1043 517 1121 606 γυνὴ
1144 516 1214 584 κατ’
1233 517 1386 600 Ἀχαιίδα

464 631 577 712 γαῖαν,
594 626 670 693 oica
681 629 797 695 Πύλου
813 627 902 714 ἱερῆς
918 623 1111 712 οὔτ”Αργεος
1124 621 1383 710 vicennariae.

318 735 396 802 Alia
417 734 568 817 exempla
590 739 667 800 sunt
685 735 785 802 hacc:

319 841 532 908 1111111111
557 841 638 924 741,
662 839 796 906 Theocr.
823 843 874 925 11,
896 841 949 905 40.
974 840 1027 922 114,
1052 835 1111 900 38:
1134 833 1218 920 111ρί
1239 837 1382 913 νυκτῶν,

213 945 451 1030 coactissimi.
497 945 599 1012 Arist
623 945 707 1011 Nub.
733 945 812 1011 138:
845 945 949 1033 τηλοῦ
974 941 1037 1028 γὰρ
1068 938 1145 1004 oleo
1174 943 1241 1006 osio
1273 937 1384 1025 ἆγρῶν

212 1053 235 1119 1.
258 1072 285 1119 e.
312 1053 394 1140 ‚fern
409 1051 453 1118 im
475 1050 600 1123 Laude.
623 1049 678 1116 vel
699 1049 763 1116 ties
782 1049 817 1116 in
840 1051 898 1118 das
913 1049 1008 1118 Land
1023 1045 1154 1112 hincin‘.
1199 1044 1303 1110 Arist.
1319 1045 1382 1125 nq.

212 1158 295 1224 250:
319 1157 481 1232 πολλάκις
503 1159 563 1241 τῆς
584 1153 712 1240 ἡμέρας
733 1153 790 1241 (cf.
809 1157 893 1223 Xon.
919 1155 1005 1222 Heli.
1027 1153 1073 1237 H,
1098 1151 1203 1235 1,23:
1229 1149 1298 1235 ὀψὲ
1322 1152 1383 1236 τῆς

212 1263 352 1347 riuique,
375 1263 454 1328 Luc.
477 1262 569 1326 Dem.
591 1277 661 1325 ene.
687 1261 744 1326 14:
776 1261 844 1348 ὀψὲ
867 1265 925 1346 τῆς
946 1260 1093 1347 ἡλικίας,
1115 1257 1211 1322 Plato
1234 1255 1326 1322 Orat.
1350 1273 1381 1336 p.

211 1369 287 1452 433,
312 1368 358 1432 A:
383 1366 450 1454 ὀψὲ
473 1365 571 1453 ὁδοῦ)
596 1364 698 1432 Arist.
723 1367 807 1434 Nub.
830 1368 911 1434 723:
945 1367 1093 1451 φρουρᾶς
1115 1360 1217 1449 ᾄδων.
1262 1361 1380 1443 Eurip.

213 1472 320 1556 Iphig.
343 1473 442 1540 Taur.
469 1471 554 1542 1235
577 1469 642 1558 (ed.
665 1471 792 1560 Herm.)
815 1472 913 1540 11111
937 1465 1066 1538 invoa

317 1579 492 1659 Quomodo
505 1595 625 1662 eorum,
649 1563 1380 1662 1111111111,11111111131111111111111

211 1683 292 1750 satis
327 1683 497 1765 explanari
530 1683 672 1767 possint,
707 1690 805 1764 atquo
838 1683 1041 1765 curatione,
1076 1687 1114 1746 ut
1136 1677 1308 1764 genetivus
1333 1677 1379 1742 los

164 1802 166 1808 ’
212 1787 314 1854 celem
336 1787 499 1854 notionem
522 1787 643 1853 habere
666 1789 805 1872 dicatur,
828 1805 893 1854 non
914 1785 1020 1854 video.
1066 1787 1144 1852 Illos
1172 1785 1301 1868 quidem
1324 1803 1379 1866 ge
1466 1815 1467 1824 =

211 1893 350 1980 nativos,
374 1911 453 1974 qnos
468 1893 572 1975 primo
587 1894 657 1961 loco
673 1893 768 1960 attuli
785 1891 895 1981 (altos
910 1890 986 1979 cet.)
1002 1898 1036 1959 et
1058 1909 1193 1974 macces
1208 1888 1378 1973 genetivos

211 1997 356 2084 ἡμέρας,
379 2001 494 2076 νυκτός
518 2000 559 2067 al.
583 2000 790 2084 grammatici
812 1999 861 2064 ita
882 1998 1096 2082 interpretari
1117 1997 1308 2079 voluemmt,
1341 2000 1377 2061 ut

211 2103 451 2171 submantivnm
473 2105 620 2191 aliquod,
648 2125 751 2188 equo
775 2105 945 2190 genetivus
968 2105 1141 2186 penderet,
1176 2101 1377 2185 cogitatione
1466 2093 1467 2114 ¹

211 2207 394 2274 addendum
425 2195 496 2275 esse
526 2210 686 2277 dicerent:
717 2231 813 2292 qnam
842 2212 1003 2277 rationem
1033 2209 1132 2276 etiam
1162 2207 1279 2274 Siecke
1308 2207 1329 2272 l.
1355 2206 1375 2270 l.

210 2333 241 2396 p.
265 2314 516 2399 supraposuit,
546 2333 738 2398 quamquam
762 2317 803 2382 de
824 2335 864 2383 11
893 2334 1018 2398 quoque
1047 2315 1176 2382 ratione
1205 2313 1374 2398 cogitavit,

210 2439 273 2502 qua
295 2420 465 2504 genetivus
487 2422 536 2488 ita
558 2423 770 2506 explanatur,
801 2427 838 2487 nt
859 2440 973 2488 sensus
1000 2421 1130 2506 localis,
1164 2421 1219 2503 qui
1241 2420 1318 2486 olim
1341 2420 1375 2486 in

209 2529 270 2594 hcc
292 2545 369 2595 casu
391 2527 526 2594 infuisse
549 2528 713 2609 putandus
736 2527 781 2595 sit
802 2525 1093 2616 (1181111118),
1118 2519 1287 2594 etiamtum
1310 2545 1375 2592 sors

208 2637 306 2698 vatus
328 2631 387 2697 sit:
410 2651 474 2713 qua
496 2632 768 2717 interpretatione
790 2639 918 2702 retenta
933 2632 1048 2702 Siecke
1063 2651 1170 2701 1111
1185 2635 1282 2714 parte
1296 2635 1374 2696 stat.

210 2735 303 2815 Quod
325 2741 433 2803 autem
456 2737 545 2806 illam
567 2740 792 2824 genetivcrum
814 2739 1117 2824 interpretationem
1141 2739 1278 2822 attinet,
1311 2757 1375 2818 qua

208 2840 441 2922 antiquissimis
462 2846 662 2926 temporibus
684 2884 727 2896 -
750 2848 783 2916 in
805 2847 937 2914 Vedicis
960 2844 1046 2910 enim
1069 2844 1266 2910 carminibus
1288 2845 1374 2910 tales

209 2946 353 3030 genetivi
371 2948 440 3031 Jam
463 2957 595 3018 exstant
615 2989 660 3000 —
687 2952 836 3035 ellipsin,
868 2968 951 3030 quae
981 2947 1119 3034 dicitur,
1150 2948 1374 3030 accipiendam

209 3069 279 3118 asse
301 3051 472 3140 statuitur,
497 3055 609 3124 dubito
631 3077 708 3126 num
729 3057 801 3124 fieri
822 3053 971 3142 liceat,*)
994 3053 1172 3136 probabilis
1195 3055 1311 3121 saltem
1334 3074 1375 3120 ea

209 3215 418 3226 ———

313 3317 340 3386 *)
359 3317 477 3388 Ellipsin
497 3319 572 3388 apud
591 3321 738 3378 Homerum
756 3328 863 3378 exstare
883 3323 1021 3388 concedo,
1041 3337 1074 3375 eu
1093 3327 1182 3374 tamen
1201 3319 1372 3386 condicione,

208 3415 238 3461 nt
257 3419 289 3460 es
307 3407 382 3462 notio
401 3409 443 3459 sul
455 3409 591 3475 stantiva,
611 3426 681 3480 quae
699 3411 837 3467 nonnullis
856 3411 925 3466 locis
945 3411 1033 3480 posita
1052 3417 1107 3476 cst,
1132 3409 1302 3463 alliamenta
1321 3411 1372 3462 ad·

208 3497 299 3550 denda
316 3497 351 3549 sit
378 3497 469 3551 ‚Velut
489 3511 549 3550 cum
570 3505 596 3552 et
614 3502 640 3554 io
652 3500 738 3556 Ἅιδου
754 3508 781 3556 ct
798 3505 824 3556 lv
842 3504 927 3574 δόμοις
939 3501 1024 3555 Ἅιδου
1036 3499 1114 3554 nobis
1129 3499 1254 3564 occurrit,
1272 3513 1372 3568 quum-

207 3601 290 3657 1111
309 3589 335 3640 ir
348 3585 434 3640 Ἅιδου
452 3585 562 3654 ellipsin
582 3603 642 3642 esse
661 3591 835 3646 statuendum
855 3599 910 3658 est,
929 3599 1017 3645 tamen
1036 3603 1068 3643 ea
1086 3603 1131 3654 re,
1158 3587 1234 3658 quod
1253 3595 1372 3660 utraque

206 3677 290 3734 dictio
309 3679 335 3732 tv
347 3675 432 3732 Ἅιδου
451 3685 478 3730 11
496 3679 522 3730 iv
543 3677 628 3748 δόμοις
640 3677 741 3748 Ἅιδου,
766 3697 855 3753 cuque
874 3682 995 3751 saepius,
1023 3679 1098 3748 apud
1115 3677 1263 3738 Homerum
1290 3693 1370 3732 usur·

206 3775 301 3837 patur,
328 3766 439 3835 ellipsin
464 3765 491 3818 in
510 3765 682 3822 Homericum
708 3770 817 3826 demum
844 3785 994 3827 sermonem
1015 3783 1075 3822 esse
1093 3767 1232 3822 inductam
1251 3769 1371 3838 perspici

205 3863 305 3927 potest
343 3855 461 3926 liltipsin
480 3855 564 3925 igitur
584 3857 659 3926 apud
680 3858 826 3916 Homerum
846 3862 955 3916 demum
974 3861 1040 3915 oriri
1061 3863 1127 3927 puto
1141 3868 1176 3924 et,
1195 3857 1219 3910 ri
1233 3872 1289 3928 quc
1308 3858 1370 3914 loco

206 3946 313 4016 ellipsis
332 3950 459 4010 exstaret,
480 3943 542 3998 aliis
561 3945 630 4000 locis
648 3949 795 4010 notionem.
815 3967 886 4022 quse
904 3950 1107 4021 requireretur,
1126 3948 1281 4017 appositum
1301 3962 1369 4002 esse.

205 4035 260 4090 Sed
286 4035 382 4088 afferat
406 4035 520 4093 fortasse
543 4035 681 4105 quispiam
706 4040 798 4096 tritam
823 4042 900 4096 illam
926 4039 1074 4094 dictionem
1100 4037 1161 4091 Μ’
1178 4036 1236 4105 ἄγε,
1261 4037 1289 4090 in
1316 4051 1371 4107 qua

205 4125 374 4197 grammatici
392 4125 474 4192 βούλει
491 4125 621 4194 supplere
640 4127 771 4186 soleant„
794 4131 846 4184 sed
866 4130 914 4199 qui
934 4129 964 4182 id
982 4127 1092 4192 dicunt,
1118 4126 1250 4198 originem
1269 4139 1302 4178 so
1320 4143 1369 4180 ua-

206 4223 295 4272 tursm
314 4214 468 4286 particulae
485 4219 506 4268 et
523 4231 575 4270 non
596 4225 806 4286 perspexerunt.
842 4217 927 4273 Recte
945 4217 1017 4272 enim
1028 4216 1121 4288 Lange
1140 4216 1184 4270 vir
1202 4217 1287 4273 doctr.
1306 4232 1367 4286 par·
