2970 4754
658 331 709 401 to

581 431 789 442 ——.......

210 529 411 614 Quamquam
427 532 528 618 igitur
547 554 596 617 ea,
621 553 703 616 qnae
718 525 955 601 Delbrucckius
970 528 1096 614 statuit,
1120 527 1269 596 omittere

107 637 191 720 licet,
216 646 324 705 tamen
338 639 562 720 perquiramus
577 647 611 706 et
625 641 737 723 paucis
749 637 1009 722 perstringamus
1022 656 1077 702 eos
1090 633 1268 720 genetivus,

12 813 14 826 ,
107 763 184 823 quos
207 744 319 810 localis
342 761 436 810 casus
457 744 530 812 vice
552 746 646 828 fungi
673 745 766 813 dixit
810 746 861 811 Ac
890 743 1028 826 primum
1059 742 1187 825 quidem
1210 759 1269 822 pro

108 849 202 915 locali
226 869 303 916 casu
327 851 494 917 contendit
516 850 696 918 adhibitum
720 871 791 918 esse
813 851 1016 935 genetivum,
1047 849 1102 932 qui
1125 853 1271 914 exstaret

108 953 139 1020 iu
166 955 323 1037 exemplis
345 955 410 1021 illis
432 955 629 1022 Homericis:
652 962 689 1037 Ρ,
714 957 778 1023 372
801 955 917 1044 (νέφος
940 955 1270 1042 adquiescendum

106 1065 198 1148 γαίης
224 1060 293 1126 οὐδ’
317 1061 451 1150 ὀρέων),
476 1069 510 1145 1,
533 1065 615 1144 2193
640 1064 690 1144 Ω,
714 1065 796 1146 598;
819 1077 860 1150 ψ,
884 1065 927 1129 90
942 1055 1050 1148 (ἕζετο
1072 1065 1187 1143 τοίχου
1209 1061 1270 1124 τοῦ

107 1165 246 1254 ἕτερον).
294 1169 358 1236 Sed
382 1169 550 1252 genetivos
572 1188 671 1252 puros
686 1187 740 1236 eos
756 1187 835 1253 esse,
859 1168 975 1251 quibus
996 1167 1155 1250 primaria
1176 1185 1270 1251 genez

107 1271 168 1338 tivi
196 1273 285 1340 notio
315 1274 430 1341 localis·
458 1274 591 1356 propria
621 1279 722 1358 esset,
754 1295 855 1358 supra
884 1273 1098 1357 exposuimus
1144 1271 1271 1339 Deinde

109 1378 327 1446 Delbrneckio
358 1379 546 1466 genetivus,
578 1380 633 1462 qui
662 1381 797 1449 verbum
828 1378 938 1445 λούειν
959 1379 1013 1448 vel
1035 1379 1201 1445 λούεσθαι
1223 1395 1270 1444 se

109 1485 235 1572 quitur,
266 1486 378 1552 localis
409 1505 503 1552 casus
526 1494 637 1568 partes
664 1506 764 1570 agere
794 1484 934 1554 videtur.
978 1485 1154 1568 Exempla,
1187 1499 1271 1564 queo

108 1592 170 1656 huc
192 1597 351 1675 spectant,
374 1599 452 1658 sunt
474 1593 569 1658 haec:

152 1703 192 1778 E,
217 1699 253 1762 6:
327 1696 523 1781 λελουμένος
542 1697 710 1763 Ὠκεανοῖο

152 1809 190 1885 Ζ,
214 1805 297 1869 508:
325 1800 453 1877 εἰωθώς
475 1802 642 1869 λούεσθαι
665 1802 810 1890 ἐϋρρεῖος
833 1805 1012 1886 ποταμοῖο.

156 1914 198 1990 Φ,
221 1911 302 1975 560:
326 1909 551 1991 loedoriarum
573 1913 741 1994 ποταμοῖο

151 2021 185 2098 β,
208 2017 290 2081 261:
327 2016 436 2096 χεῖρας
459 2014 645 2098 νιψάμενος
670 2015 790 2102 πολλῆς
813 2015 903 2090 ἁλός.

212 2120 312 2187 Facsi
333 2119 385 2187 vir
409 2116 611 2184 doctissimus
633 2117 799 2199 inpriore
821 2119 964 2187 editione
979 2119 1152 2186 Homerica
1175 2137 1270 2202 genez

109 2226 193 2292 tivos
216 2225 433 2292 ablativorum
457 2223 529 2290 vice
544 2223 717 2306 fungentes
741 2225 922 2304 quaestioni
946 2228 1050 2310 ‚unde‘
1074 2223 1271 2306 respondere

107 2332 223 2398 sensit:
247 2351 343 2412 quam
362 2330 558 2396 sententiam
581 2327 613 2394 iu
637 2329 871 2400 recentioribus
887 2333 1082 2401 editionibus
1096 2331 1213 2398 mirum
1236 2329 1270 2396 iu

106 2439 233 2504 modum
256 2436 385 2520 abjecit,
409 2454 480 2500 cum
501 2436 666 2520 Kruegeri
688 2438 883 2506 sententiam
905 2441 1070 2522 probaret,
1097 2437 1153 2518 qui
1175 2454 1270 2518 genes

105 2543 191 2608 tivos
204 2563 275 2608 esse
289 2541 464 2624 partitivos
481 2540 647 2606 contendit
663 2540 762 2608 simili
775 2546 869 2611 modo
885 2545 1016 2628 positos,
1040 2562 1080 2609 ac
1091 2545 1269 2626 genetivos,

106 2648 160 2728 qui
190 2653 400 2728 sequerentur
422 2647 524 2712 verba
554 2643 773 2726 significantia
803 2651 1005 2732 ,participem
1032 2648 1104 2716 fieri
1126 2653 1159 2714 et
1182 2644 1271 2712 Irui‘.

105 2755 169 2820 Sed
192 2773 287 2834 quem
312 2751 472 2818 rationem
495 2748 581 2816 inter
604 2751 707 2818 verba
732 2752 843 2820 luendi
865 2763 898 2821 et
921 2756 1052 2823 fruendi
1073 2753 1268 2835 intercedat,

104 2877 169 2924 non
185 2877 347 2938 assequor.
385 2853 545 2922 Hentzius
560 2854 685 2941 (philol.
700 2863 777 2924 tom.
794 2861 953 2946 XXVIII,
977 2881 1051 2951 pap.
1067 2858 1146 2947 515)
1162 2877 1270 2941 quam2

105 2982 201 3044 quam
230 2969 272 3046 β,
301 2965 362 3030 261
397 2962 593 3030 Faesianam
625 2961 930 3046 interpretationem
967 2967 1106 3050 priorem
1141 2965 1269 3048 probat,

105 3077 214 3136 tamen
237 3069 370 3150 reliquis
392 3069 471 3136 locis
492 3067 631 3136 ablatIvi
654 3072 793 3140 causalis
818 3076 871 3141 vel
894 3073 1152 3140 instrumentalis
1175 3087 1270 3136 casus

104 3160 232 3240 ratione
254 3175 422 3258 genetivus
438 3173 540 3254 accipi
557 3174 638 3257 vult,
662 3173 710 3241 ita
732 3183 769 3242 ut
783 3198 879 3248 voces
899 3179 1053 3256 Ὠκεανὸς
1068 3184 1102 3244 et
1117 3173 1273 3257 ποταμός

105 3301 163 3361 pro
188 3280 334 3362 personis
353 3279 521 3344 habendae
543 3279 610 3344 siut
625 3277 724 3365 (‚vom
740 3282 892 3352 Okeanos
908 3287 1059 3370 gebedet,
1082 3301 1156 3352 vom
1173 3281 1271 3348 Fluss

104 3385 174 3452 sich
196 3386 302 3452 baden
325 3385 467 3471 lassen‘).
513 3385 672 3466 Equidem
695 3389 792 3456 valde
815 3390 942 3476 dubito,
966 3411 1042 3458 num
1063 3389 1150 3472 apud
1172 3405 1270 3453 unum

105 3492 253 3572 idemque
282 3495 420 3560 verbum
447 3494 555 3560 luendi
587 3491 654 3558 tale
685 3493 857 3565 dmorimen
887 3498 989 3565 statui
1021 3496 1139 3580 possit,
1170 3499 1208 3559 ut
1237 3493 1272 3556 in

105 3599 218 3665 eedem
240 3597 402 3664 locutione
425 3598 556 3666 diversa
578 3603 745 3668 structure
767 3603 957 3688 accipiatur.
1004 3606 1108 3685 Quam
1139 3602 1179 3667 ob
1202 3617 1271 3664 rem

105 3705 246 3786 priorem
257 3704 560 3785 interpretationem
571 3705 1139 3794 Feesianamcomprobareactueri
1151 3704 1270 3772 malim.

108 3812 210 3876 Recte
234 3815 342 3876 autem
365 3810 413 3877 ita
436 3810 606 3893 genetivos
629 3813 733 3896 accipi
754 3823 939 3900 monstrant
961 3817 1109 3899 exempla
1130 3817 1227 3882 hacc:

263 3917 293 4005 ζ,
309 3916 374 3980 224
389 3923 521 3984 exstent
543 3917 660 3984 verba:
685 3918 793 4007 αὐτὰρ
809 3923 874 3988 ὅλοι
887 3925 1045 4007 nordgoe
1061 3924 1147 4008 χρόα
1161 3922 1270 3998 νίζετο

153 4024 225 4096 δῖος
244 4020 421 4096 Ὀδυσσεύς
445 4019 544 4106 (quod
560 4025 740 4109 exemplum
755 4045 776 4093 a
791 4027 910 4097 Faesi0
919 4032 986 4115 Jam
1002 4031 1136 4098 allatum
1151 4025 1271 4112 video).

148 4155 185 4207 κ,
209 4129 289 4192 361:
323 4125 355 4200 dc
386 4126 626 4212 d'ducipuvdov
656 4128 767 4200 ἕσασα
793 4134 894 4200 λό’ἒκ
916 4139 1079 4222 τρίποδος
1101 4131 1269 4217 μεγάλοιο.

148 4233 270 4300 Herod.
293 4233 356 4317 III,
380 4235 439 4302 23:
463 4235 534 4302 ἀπὸ
558 4239 677 4328 κρήνης
699 4238 875 4307 λούεσθαι.
