2970 4754
765 329 813 398 3¹8
916 381 920 387 .

210 529 262 596 die
277 529 367 596 Haut
384 529 442 597 der
457 529 623 598 Knoobon‘
647 530 717 599 sive
740 531 803 616 ‚die
818 530 910 598 Haut
932 549 982 598 an
1005 529 1083 596 den
1105 529 1290 598 Knooben‘:
1313 551 1375 614 qoa

209 635 335 700 ratione
350 636 382 701 id
398 637 482 718 quod
499 656 599 720 supra
616 638 764 720 diximus,
787 637 978 718 primariam
994 636 1140 719 genetivi
1157 636 1223 704 vim
1240 637 1374 704 localem

208 741 371 806 notionem
394 741 495 810 fuisse
518 743 721 825 comprobari
743 747 859 824 potest.

313 849 394 914 'lum
408 847 580 915 Lissnerus
596 855 628 913 et
640 848 770 913 Curtius
784 848 855 913 looo
869 849 979 933 allato,
1003 848 1059 930 qui
1074 854 1199 916 exstat:
1222 858 1269 930 A,
1294 851 1373 916 abo:

210 953 278 1019 οὐδ’
302 953 481 1038 ἀφάμαρτε
511 955 743 1036 τιτυσκόμενος
770 953 976 1039 κεφαλῆφιν,
1008 973 1079 1020 oum
1108 956 1212 1021 verba
1241 956 1374 1036 petendi

209 1059 379 1141 genetivus
402 1079 502 1140 purus
525 1064 731 1142 sequeretur,
762 1059 950 1144 κεφαλῆφιν
971 1065 1009 1124 ut
1031 1059 1217 1142 genetivum
1244 1080 1374 1143 aooepea

208 1169 294 1230 runt.
339 1164 576 1230 Dolbrueokius
600 1163 729 1244 quidem
749 1164 938 1250 κεφαλῆφιν
959 1164 1094 1231 localem
1115 1183 1240 1246 quoque
1264 1185 1373 1232 ossum

210 1290 280 1336 esse
303 1289 398 1351 posse
421 1269 588 1352 opposuit,
617 1270 675 1336 sed
702 1288 772 1335 oum
794 1271 896 1338 verba
921 1270 1063 1354 ,petendi
1083 1271 1159 1337 telo‘
1184 1289 1256 1336 oum
1278 1271 1374 1338 looali

209 1397 286 1442 casn
309 1375 397 1440 nullo
419 1374 490 1439 loeo
507 1380 695 1442 constructa
710 1374 786 1459 sint,
809 1374 998 1460 κεφαλῆφιν
1012 1395 1071 1456 pro
1086 1375 1239 1459 genetivo
1254 1378 1374 1443 baben:

209 1483 285 1548 dum
308 1499 378 1546 esse
399 1479 539 1547 videtur.
632 1553 633 1556 Ἴ

313 1587 461 1668 Denique
484 1587 630 1671 genetivi
651 1587 723 1654 vioe
746 1588 969 1671 suffixum-ow
986 1586 1136 1669 fungitur
1154 1591 1192 1666 T,
1216 1586 1299 1651 255:
1322 1589 1374 1652 ool

212 1693 241 1757 δ’
264 1689 331 1776 ἄρα
354 1693 479 1766 πάντες
510 1691 560 1756 ἐπ’
585 1691 729 1777 αι”τόφιν
759 1691 851 1758 albero
882 1695 963 1779 σιγῇ
994 1691 1041 1778 (id
1065 1691 1149 1772 quod
1172 1691 1311 1758 Faesius
1342 1699 1374 1758 et

210 1798 399 1879 Kruegerus
422 1796 701 1883 suspicatione),
725 1797 830 1868 itaut
854 1797 904 1860 ἐπ’
930 1796 1053 1883 αὐτόφι
1075 1799 1160 1864 idem
1183 1798 1244 1882 sit,
1276 1804 1374 1879 atque
1411 1881 1415 1888 Ι

209 1902 258 1988 ἐφ’
278 1902 419 1968 ἓαυτῶνε
445 1902 509 1987 ,fiir
533 1902 602 1969 siob
625 1921 736 1968 sassen
758 1902 806 1968 sie
820 1902 937 1984 ruhig‘.
976 1904 1100 1970 Eadem
1123 1904 1208 1969 enim
1230 1905 1266 1972 vi
1282 1923 1374 1986 prae

209 2008 327 2090 positio
337 2006 394 2073 lui
404 2027 474 2074 eum
487 2008 638 2092 genetivo
648 2008 819 2091 conjuncta
832 2008 973 2074 ooourrit
981 2015 1027 2091 Η,
1042 2011 1120 2075 195:
1144 2005 1309 2091 εὔχεσθε.
1324 2061 1351 2076 ..
1367 2061 1373 2076 .

210 2117 284 2200 σιγῇ
307 2113 356 2197 ἐφ’
380 2115 510 2196 ὑμείων.

314 2218 408 2299 Quod
422 2223 530 2285 autem
544 2219 717 2285 Lissnerus
736 2224 770 2285 et
785 2218 916 2284 Curtius
930 2223 969 2301 θ,
993 2223 1058 2286 279
1074 2222 1108 2286 in
1122 2239 1221 2288 verso
1231 2246 1248 2284 :.
1262 2218 1373 2284 πολλὰ

168 2355 170 2360 ·
209 2324 247 2392 δὲ
270 2327 325 2390 καὶ
347 2324 551 2409 καθύπερθε
578 2323 794 2410 μελαθρόφιν
816 2325 1006 2408 ἐξεκέχυντο
1036 2326 1224 2409 genetivum
1256 2343 1372 2406 purum

206 2432 421 2516 μελαθρόφιν
455 2449 526 2497 esse
558 2429 749 2510 voluerunt,
785 2430 931 2510 equidem
965 2431 1105 2497 Hentzio
1140 2429 1264 2516 (philol.
1296 2436 1373 2496 tom.

207 2539 366 2620 xxvssl,
390 2555 465 2619 pag.
481 2535 560 2622 529)
578 2534 748 2618 assentior,
772 2553 842 2600 oum
859 2537 1049 2603 adverbium
1064 2535 1267 2621 καθύπερθε
1283 2537 1374 2602 absos

207 2645 275 2709 lute
305 2642 444 2724 positum
477 2647 510 2706 et
538 2639 753 2725 μελαθρόφιν
783 2644 962 2712 ablativum
996 2641 1078 2709 esse'
1093 2641 1235 2725 judicet,
1270 2659 1375 2722 neque

207 2749 312 2814 minus
325 2752 369 2826 Π,
394 2747 474 2812 762;
497 2745 687 2832 κεφαλῆφιν
704 2745 778 2811 ἐπεὶ
790 2747 904 2832 λάβεν,
922 2767 992 2814 ourn
1006 2753 1045 2828 0,
1069 2749 1149 2813 716:
1173 2747 1375 2834 πρύμνηθεν

210 2853 285 2919 luel
315 2851 419 2937 λάβεν
447 2852 649 2933 inveniatur,
680 2850 870 2936 κεφαλῆφιν
902 2853 1081 2919 ablativum
1112 2873 1182 2920 esse
1213 2869 1372 2918 censeam.

208 2959 409 3041 Quamquam
432 2957 472 3021 de
493 2957 555 3021 hoo
577 2955 721 3021 dubitari
751 2960 875 3038 potest,
906 2974 978 3020 oum
1007 2955 1250 3023 suffixum-oso
1273 2958 1374 3024 etiam

207 3064 281 3146 puri
297 3059 443 3147 genetivi
457 3059 529 3126 vioe
544 3057 638 3141 fungi
653 3058 892 3125 demonstretur
908 3059 958 3126 his
974 3060 1072 3127 looisz
1092 3087 1130 3144 π,
1155 3065 1230 3148 499,
1256 3087 1295 3145 ιι,
1320 3066 1373 3148 94,

207 3175 237 3250 ν’,
260 3172 312 3235 42.
358 3168 429 3250 Qua
452 3167 493 3234 de
514 3187 551 3233 re
566 3163 739 3249 dijudicari
761 3169 830 3230 tum
855 3166 980 3232 demum
1003 3173 1121 3252 potest,
1146 3187 1242 3249 quum
1266 3170 1375 3251 exples

206 3281 314 3342 ratum
337 3275 409 3358 erit,
434 3293 495 3355 quo
518 3272 692 3338 referendo
707 3271 771 3338 sint
792 3274 895 3337 verbo
915 3274 1217 3358 comprehendendi,
1242 3275 1283 3340 de
1306 3276 1375 3358 quia

206 3381 267 3446 bus
288 3398 330 3444 ne
353 3397 412 3461 ego
436 3379 564 3460 quidem
588 3383 676 3443 certo
695 3375 845 3461 judicare
869 3378 982 3444 ausim.

311 3483 433 3566 Quaeri
447 3487 565 3568 potest,
589 3483 746 3564 quomodo
762 3483 886 3550 faotum
901 3484 954 3568 sit,
978 3495 1015 3550 ut
1030 3485 1264 3572 suffixumquo,
1287 3484 1375 3570 quod

207 3608 339 3657 casuum
360 3590 484 3675 localis
507 3589 775 3673 instrumentalis,
801 3588 938 3657 ablativi
960 3591 1126 3674 proprium
1150 3597 1249 3676 esset,
1274 3591 1374 3658 etium

207 3696 379 3779 genetivus
403 3699 599 3764 assumeret:
630 3694 672 3760 ad
695 3694 780 3776 quod
803 3693 879 3776 quid
902 3695 1171 3781 respondeamus,
1196 3715 1261 3764 non
1285 3697 1376 3764 dubis

206 3806 323 3868 tamus.
368 3802 451 3868 Nam
475 3820 546 3868 oum
569 3800 740 3885 genetivum
764 3801 899 3868 localem
923 3820 1049 3885 omum,
1081 3807 1119 3868 ut
1148 3821 1248 3884 supra
1279 3821 1374 3885 expe

206 3907 336 3991 suimus,
361 3907 512 3988 primitus
524 3906 725 3991 aequaverit,
750 3907 848 3974 etism
863 3907 1089 3992 genetivusob
1104 3909 1165 3972 boo
1178 3907 1295 3974 sunffixo
1309 3925 1375 3982 uon

207 4013 370 4080 abhorret.
416 4014 595 4080 Praeterea
618 4017 727 4078 autem
751 4013 849 4079 etiam
880 4015 922 4080 ab
953 4011 1098 4080 ablativo
1125 4017 1158 4078 et
1180 4012 1380 4082 instrumens.

205 4118 275 4204 tali,
300 4137 378 4200 quos
401 4137 495 4184 ossus
517 4117 551 4184 in
574 4118 761 4201 genetivum
785 4118 855 4186 sive
877 4123 949 4184 tota
970 4115 1040 4185 sive.
1055 4117 1194 4198 quadam
1217 4138 1258 4186 ex
1280 4125 1391 4201 parte-

205 4223 384 4290 translatos
407 4241 478 4290 esse
499 4223 682 4308 statuimus,
706 4222 931 4308 suffixum-ow
945 4222 980 4288 in
1003 4223 1149 4307 genetivi
1171 4223 1374 4306 provinciam
