2970 4754
666 322 688 391 7

118 457 139 506 2,
390 477 393 481 ,
921 463 927 476 ,

78 517 347 614 grammaticam
377 537 468 613 suurn
487 516 685 604 compositis
713 541 745 604 p.
770 523 833 589 163
855 537 920 607 sq.·,
952 521 1087 590 Carolus
1109 523 1261 590 Weidem

77 624 164 692 kaff
178 625 420 712 dissertatione,
446 645 542 708 qnam
556 626 687 709 scripsit
711 627 762 712 ,de
783 645 844 694 usu
865 625 1012 710 genetivi
1034 627 1121 708 apud
1142 627 1259 694 Home
1312 627 1320 636 ‘

67 719 164 796 vrum
189 732 286 798 Part.
307 732 333 798 1.
357 731 432 798 Hal.
453 732 529 798 Sar.
555 733 660 819 1856‘,
685 731 741 814 qui
763 736 876 797 auctor
899 739 919 796 a
941 723 1163 798 localistarum
1186 751 1260 815 para
1339 751 1342 758 ’

80 835 287 922 tibusstat,
310 837 419 904 Julius
441 837 603 920 Ebinger:
636 835 855 924 ,de-genetivi
877 835 964 918 apud
986 855 1122 920 graccos
1146 843 1259 920 poetas
1313 896 1315 902 .

66 941 339 1022 antiquissimos
351 960 425 1009 usu.
450 941 639 1025 Regimonti
656 942 760 1009 1862!
806 940 871 1008 Sed
889 958 975 1006 nunc
991 933 1123 1007 demum
1140 943 1260 1009 certius

83 1053 123 1114 et
157 1047 346 1114 accuratius
377 1046 412 1112 in
441 1047 587 1130 genetivi
621 1053 773 1117 naturam
803 1052 837 1114 et
866 1063 959 1128 usum
989 1045 1110 1127 inquiri
1140 1053 1259 1135 potest,
1393 1117 1395 1120 .

78 1157 267 1240 ,postquam
283 1151 442 1219 Sanscriti
457 1151 603 1235 genetivi
617 1153 716 1246 usum'
725 1152 893 1234 amplexus
909 1154 959 1216 est
973 1150 1132 1218 Ernestus
1145 1153 1261 1220 Sieckc

87 1257 337 1341 dissertatione,
362 1276 445 1338 quae
465 1257 654 1324 inscribitur
672 1259 732 1343 ,De
754 1256 900 1340 genetivi
915 1256 950 1322 in
964 1257 1078 1342 lingua
1092 1257 1261 1324 Senserita

87 1361 256 1444 imprimis
285 1362 408 1430 Vedica
438 1381 507 1430 usu.
541 1364 647 1429 Berol.
682 1363 777 1428 1869ι
809 1367 844 1428 61
873 1362 1110 1450 Delbrueckius
1140 1363 1259 1446 libello,

27 1479 30 1485 ’
88 1486 190 1548 quem
225 1485 326 1550 supra
358 1467 508 1552 laudavi,
549 1467 601 1533 his
634 1467 750 1532 studiis
789 1485 921 1550 operam
953 1466 1128 1549 impendit:
1170 1469 1261 1552 cujus
1303 1498 1308 1505 ·
1387 1547 1389 1552 Ι
1464 1525 1465 1528 ,

88 1572 266 1653 utriusque
295 1571 361 1640 viri
391 1571 479 1638 docti
508 1571 601 1637 libris
631 1571 666 1637 in
696 1571 916 1655 componenda
945 1571 1008 1638 hac
1031 1570 1261 1640 dissertatione

89 1678 232 1744 multum
254 1697 305 1744 me
328 1679 447 1744 debere
468 1676 630 1755 confiteor.
858 1754 861 1760 ¹

202 1783 388 1866 Antequam
410 1789 519 1851 autern
542 1785 585 1852 ad
608 1782 835 1874 constituenda
866 1801 906 1850 66
929 1779 1143 1850 describenda
1165 1801 1260 1866 gene

91 1887 158 1955 tivi
179 1906 321 1973 genera,
360 1907 443 1970 quae
473 1907 494 1954 a
515 1889 595 1957 viris
619 1890 722 1957 doctis
744 1887 912 1972 proposita
933 1892 1028 1970 sunt,
1059 1886 1260 1972 accedamus,

93 1993 179 2060 utile
202 1993 283 2060 mihi
304 1993 452 2078 videtur,
475 1993 564 2062 viam
586 2013 626 2062 ac
648 1995 808 2062 rationem
830 1997 992 2074 statuere,
1024 2009 1120 2071 quam
1143 1989 1178 2055 in
1200 2010 1261 2058 usu

94 2099 244 2184 genetivi
258 2099 370 2182 graeci
385 2097 596 2166 describendo
611 2099 755 2166 secuturi
770 2116 889 2166 sumus.
924 2095 1142 2178 Disponamus
1157 2096 1261 2180 igitur

95 2205 360 2272 dissertationem
382 2203 440 2290 ita,
463 2209 500 2270 ut
564 2281 566 2284 ,

201 2309 342 2392 primum
364 2310 405 2376 dc
427 2310 573 2394 genetivi
602 2309 678 2392 puri
707 2315 827 2382 natura
850 2328 889 2376 ac
910 2308 947 2378 vi
968 2327 1052 2390 quae
1072 2305 1167 2374 nobis
1190 2323 1262 2372 esso

94 2417 248 2485 videntur
271 2415 479 2502 disputemus,
1114 2445 1118 2451 ·

200 2521 319 2588 661666
342 2522 383 2588 66
403 2521 444 2590 iis
460 2523 632 2610 genetiuis,
656 2523 712 2604 qui
730 2519 869 2589 ablativi
883 2537 1018 2588 munera
1037 2516 1260 2596 suscoperunt,

95 2629 242 2698 breviter
269 2629 423 2714 dicamus,
718 2689 720 2694 ,

201 2735 341 2817 denique
375 2733 416 2800 de
448 2733 611 2818 genetiuis
648 2728 906 2800 instrumentalis
943 2731 977 2792 ot
1013 2723 1127 2792 localis
1166 2740 1260 2789 casus

97 2843 225 2910 ratione
247 2841 380 2924 positis,
411 2857 489 2921 quos
511 2835 748 2904 Dclbrucckius
770 2835 894 2918 primus
918 2829 1053 2915 statuit,
1082 2828 1159 2910 quid
1177 2826 1263 2912 judi·

99 2967 215 3033 cemus,
242 2947 455 3029 proferamus.
