2970 4754
87 506 195 576 dativi
208 513 244 576 et
255 543 300 558 -
314 508 399 591 qnod
413 509 474 578 hoo
488 509 557 578 lom
569 511 779 595 premendum
792 518 852 597 est,
876 509 1022 598 genetivi
1037 513 1126 582 vioes
1142 519 1255 582 tenere

87 614 123 681 id
145 613 308 682 snfflxnm.

178 722 245 799 ,Ao
273 721 411 804 primum
445 723 573 805 quidem
603 723 749 809 genetivi
778 725 851 794 vioe
874 725 1022 810 iungitur
1047 724 1197 791 suffixum
1220 727 1253 792 in

88 825 254 913 exemplo,
287 829 371 910 qnod
401 829 567 898 invenitur
593 837 646 912 Φ,
676 831 760 898 295:
792 835 872 919 πρὶν
900 830 986 897 κατὰ
1009 830 1123 918 Ἰλιόφι
1152 832 1255 898 κλοτό

88 938 204 1016 cenea
225 931 311 1000 λαόν
332 933 456 1001 ὀέλσυι.
502 935 703 1024 Boppins,*)
737 955 809 1004 oum
839 940 900 1004 hoe
929 937 1079 1004 suffixum
1111 938 1256 1020 genetivi

88 1038 160 1104 loeo
183 1037 333 1106 adhiberi
354 1041 483 1108 omnino
505 1046 621 1126 neget,
644 1041 759 1130 Ἰλιόφι
782 1044 917 1112 localem
940 1063 1048 1109 onsum
1073 1062 1143 1108 esse
1167 1044 1255 1109 dicit.

88 1145 158 1210 Leo
180 1145 392 1233 depeream)
415 1145 473 1212 elii
492 1146 605 1234 Ἰλιόφι
629 1148 662 1214 in
681 1148 776 1216 Ἰλόοο
798 1150 919 1218 mutari
949 1148 1138 1233 voluerunt,
1175 1171 1256 1232 quoe

90 1253 279 1337 conjecture
302 1250 432 1318 minime
454 1255 624 1333 probanda
646 1260 704 1322 est.
741 1256 872 1323 Curtius
896 1263 929 1320 et
944 1253 1116 1320 Lissnerus
1140 1261 1173 1320 et
1187 1257 1256 1337 ipse

90 1357 346 1440 DelbmeokinS,
379 1357 495 1437 quinus
524 1358 605 1426 virle
636 1361 739 1427 doctis
766 1361 913 1444 equidem
940 1357 1117 1443 assentior,
1144 1360 1257 1446 Ἰλιόφι

90 1469 183 1530 rente
211 1467 271 1544 pio
301 1462 454 1545 genetivo
475 1465 676 1550 habuerunt,
709 1485 780 1532 oum
806 1467 854 1533 ita
876 1471 1058 1534 verterent:
1090 1466 1134 1550 ,in
1157 1467 1257 1533 Ilione

91 1571 263 1636 berthmte
284 1569 443 1636 Monem‘.

198 1673 325 1741 Deinde
348 1674 526 1759 nmeisius,
550 1675 699 1762 Vossius,
722 1677 912 1762 Lisenerue,
935 1677 1068 1744 Curtius
1091 1676 1154 1742 alio
1176 1677 1257 1762 looo,

94 1780 151 1864 qui
173 1785 283 1846 exstet
303 1803 340 1863 μ,
362 1781 422 1845 4ὁτ

60 1873 63 1876 ’
589 1886 694 1962 πολὺς
716 1887 827 1974 ὀ’ἀμφ’
849 1887 1010 1972 ὀστεόφιν
1031 1893 1090 1964 θός

301 1989 432 2072 ὀνόροόν
454 1993 656 2073 πυθομένων

96 2095 259 2180 ὀστεόφιν
281 2095 467 2178 genetivum
490 2114 561 2162 esse
576 2097 737 2182 dixerunt,
762 2098 817 2181 qui
839 2099 995 2181 penderet
1010 2116 1029 2165 e
1043 2095 1172 2166 nomine
1189 2103 1257 2179 θός,

94 2201 144 2266 ite
166 2206 204 2266 ut
225 2201 417 2268 vertendum
441 2208 543 2268 esset:
567 2201 796 2286 ‚ltingshernm
818 2204 875 2288 leg
897 2202 950 2270 ein
973 2221 1104 2288 grosser
1127 2203 1258 2270 Hnufen

94 2325 160 2374 von
183 2305 351 2374 Gebeinen
376 2307 569 2374 modemder
591 2309 750 2376 Mtnner‘.
796 2301 882 2392 duit
912 2309 1001 2378 eliud
1022 2307 1259 2375 Delbrueokine
1309 2329 1314 2338 ·

93 2410 243 2493 proferre
264 2416 381 2497 potest,
404 2412 468 2479 nisi
492 2413 606 2498 ,looum
628 2432 693 2482 non
717 2415 891 2482 dilucidum
906 2433 977 2482 esse
992 2421 1026 2481 et
1041 2414 1137 2481 aliter
1161 2413 1259 2478 intera

93 2511 315 2601 protentum,
347 2535 444 2584 versu
465 2519 573 2603 nisus,
605 2519 660 2601 qui
690 2527 740 2586 est
763 2544 808 2600 π,
834 2522 912 2586 145:
936 2520 1103 2606 φθινύθει
1125 2516 1155 2582 δ’
1177 2515 1260 2603 ἀμφ’

96 2621 258 2707 ὀστεόφιν
273 2625 366 2706 χροός.
411 2625 464 2689 Ex
486 2625 638 2707 analogia
661 2626 746 2690 enim
770 2626 864 2709 thus
886 2625 950 2691 looi
964 2622 1202 2691 Delbrneokius
1225 2629 1258 2688 ot

95 2728 250 2810 meyerus
272 2747 398 2810 quoqne
421 2727 581 2815 ὀστεόφιν
603 2748 675 2806 oum
689 2729 777 2814 ὀμφλ
793 2729 1033 2811 praepositione
1047 2727 1202 2813 oonjnngi
1227 2733 1260 2792 et

95 2839 269 2916 utrumqne
284 2854 302 2901 e
316 2836 417 2903 verbo
433 2836 639 2918 πυθομένων
658 2834 841 2916 dependere
855 2834 978 2902 volunt
1022 2831 1086 2899 Sed
1101 2832 1134 2899 in
1151 2832 1260 2915 priore

95 2939 244 3021 exemplo
258 2939 345 3006 inter
355 2959 452 3008 voees
467 2939 551 3026 ἀμφ’
567 2939 726 3028 ὀστεόφιν
737 2947 771 3008 et
785 2940 999 3023 πυθομένων,
1023 2938 1108 3019 quod
1123 2939 1261 3004 verbum

96 3043 244 3125 proximo
275 3043 402 3112 demum
431 3063 529 3114 versu
557 3052 730 3132 sequatur,
766 3051 859 3112 tento
890 3043 1063 3110 intervallo
1096 3044 1260 3126 sejunctos

97 3150 240 3232 aliquam
262 3149 422 3217 rationem
445 3150 648 3218 interoedere
669 3151 809 3218 maxime
832 3149 963 3216 dubium
988 3166 1093 3228 neque
1122 3153 1261 3215 naturae

98 3273 137 3322 oo
155 3253 359 3338 simplicitati
373 3255 539 3322 Homerici
554 3273 631 3321 usus
649 3256 803 3338 loquendi
818 3259 1068 3322 consentaneum
1090 3271 1160 3318 esee
1182 3253 1261 3319 milri

97 3360 238 3427 videtur.
283 3361 463 3429 Praeterea
484 3368 594 3428 notem
617 3361 725 3430 versio
747 3363 935 3430 verborum:
966 3358 1036 3442 ‚dos
1058 3357 1185 3424 Faulen
1207 3377 1261 3424 um

99 3466 152 3534 die
162 3465 318 3534 Gebeine‘
330 3465 453 3548 aliquid
468 3465 635 3534 emilloiosi
648 3485 752 3550 neque
767 3454 941 3549 quidquem
956 3462 1132 3531 verisimile
1146 3463 1261 3530 hebet:

100 3571 134 3638 id
156 3571 242 3654 quod
267 3570 337 3655 jem
358 3571 532 3640 Lissnerus
560 3573 699 3641 notovit.
745 3571 823 3639 Alie
850 3589 930 3638 eene
951 3574 1001 3636 est
1026 3586 1079 3634 ree
1102 3566 1136 3632 in
1157 3567 1261 3634 eltero

101 3675 263 3757 exemplo:
294 3676 462 3761 φθινύθει
491 3677 521 3743 δ’
543 3677 626 3763 ἀμφ’
656 3677 816 3764 ὀστεόφιν
847 3677 949 3764 χροός,
981 3693 1173 3757 quemquem
1202 3677 1264 3742 hot

102 3800 226 3865 quoqne
248 3780 319 3848 loeo
340 3787 449 3863 potest
470 3781 617 3864 proiecto
639 3781 720 3866 fleri,
747 3788 784 3848 nt
807 3782 967 3869 ὀστεόφιν
989 3799 1007 3846 e
1029 3778 1156 3846 nomine
1178 3782 1263 3865 χροός

102 3893 214 3970 aptum
228 3886 278 3954 ito
291 3886 554 3973 interpretemur,
577 3893 613 3954 nt
626 3891 808 3955 vertemus:
832 3887 1061 3972 ,Ringsherum
1083 3885 1266 3954 sohwindet

207 4133 232 4203 *l
252 4133 371 4189 (liemon.
390 4145 509 4200 comper.
528 4128 555 4185 l¹
577 4127 639 4184 433.

207 4223 251 4294 ”l
270 4225 432 4295 ‚Gedrtngte
441 4219 644 4292 Vorgleiolntng
662 4219 712 4274 der
730 4218 833 4288 grinele.
850 4233 877 4272 u.
896 4215 943 4270 let.
963 4214 1141 4272 Declinntion‘
1160 4220 1199 4287 (p.
1210 4221 1264 4286 tt).

943 4309 947 4320 ’
1074 4306 1091 4360 3
