2970 4754
745 314 788 382 13

661 411 869 426 —p--n———n

182 513 387 596 abliqnonrm
421 513 603 597 dependere
637 533 701 582 non
736 520 860 602 potest,
900 514 1006 582 altera
1035 515 1142 606 ,arya‘
1172 509 1270 593 plane
1304 507 1346 575 ad

182 625 336 693 mauram
357 621 513 705 adjectivi
535 621 670 706 accedi,
699 622 784 704 quod
807 628 841 690 et
863 622 969 704 ipsum
991 618 1192 699 obliquorum
1215 633 1347 684 ossum

181 725 313 792 radone
335 727 591 810 conjunctionem
614 748 685 809 cum
707 728 818 800 verbis
840 726 924 793 inire
945 744 1010 792 non
1035 728 1152 805 potest.
1224 747 1228 750 ·

193 863 196 870 λ
291 831 412 912 Quodsi
436 832 494 918 iis,
526 852 609 915 quae
641 837 796 912 hacanos
822 830 1049 913 disseruimus,
1081 831 1209 896 constat
1231 823 1348 907 princi

184 936 293 1017 palem
312 937 460 1021 genetivi
481 958 573 1006 usum
596 940 697 1008 fuisse
719 937 972 1020 adnominalem,
1004 941 1042 1003 ut
1071 934 1180 1018 aiunt,
1211 947 1348 1011 sequens

183 1041 379 1124 dmoematio
402 1043 451 1110 ita
473 1045 536 1111 erit
558 1046 768 1130 instituenda,
794 1049 830 1111 ut
853 1042 1048 1128 significatio
1072 1056 1231 1122 quaenam
1253 1033 1347 1102 initio

184 1147 347 1214 suburerit
361 1149 423 1216 tali
439 1143 662 1233 compositioni
678 1152 813 1218 duorum
834 1149 999 1217 nominum
1021 1146 1214 1214 excutiatur.
1250 1143 1348 1208 Ante

183 1270 283 1332 quam
303 1261 416 1322 autern
438 1261 583 1324 nostram
606 1257 646 1323 de
668 1256 813 1341 genetivi
836 1253 994 1338 primaria
1015 1257 1136 1319 natura
1159 1269 1198 1316 ac
1221 1249 1256 1316 vi
1278 1266 1348 1314 sens
1384 1318 1391 1332 ,

185 1358 324 1427 tentiam
346 1362 558 1448 proteramus,
582 1369 682 1430 antea
704 1363 744 1428 de
766 1361 807 1428 iis
821 1360 1003 1428 rationibus
1019 1357 1260 1443 dijudicandum
1274 1353 1347 1435 erit,

184 1481 267 1542 quas
287 1465 419 1532 Curtius
442 1467 563 1549 aliique
584 1469 649 1536 viri
678 1465 884 1551 grammatici
909 1464 1106 1532 recentiores
1136 1468 1174 1528 ut
1204 1458 1349 1544 genetivi

185 1573 338 1638 naturam
360 1573 586 1656 explanarent,
609 1570 802 1658 inierunt.*)

292 1677 401 1759 Atque
422 1679 518 1745 hodio
541 1677 687 1761 genetivi
708 1677 759 1745 vis
781 1676 970 1758 plerumque
998 1675 1048 1742 ita
1077 1669 1232 1741 constitui
1256 1669 1348 1753 solet,

186 1787 223 1847 ut
245 1781 399 1866 genetivo
421 1789 546 1852 arctam
578 1785 712 1851 duorum
743 1781 906 1867 nominum
936 1779 1199 1863 compositionem
1231 1797 1271 1844 ae
1300 1797 1350 1844 coa

186 1888 389 1954 haerentiam
411 1889 550 1957 indicari
572 1890 700 1958 dicatur
723 1888 779 1974 (cf.
796 1887 902 1954 Curtii
925 1886 1092 1968 explicatt.
1116 1884 1159 1950 ad
1176 1888 1347 1967 mammet.

186 2011 278 2058 snam
301 2013 439 2076 compos.
463 2015 495 2077 p.
521 1998 609 2082 173).
654 1995 718 2060 Sed
740 1994 774 2060 iu
801 1996 862 2060 hac
886 1991 1072 2058 definitione
1095 1990 1200 2056 forma
1221 1995 1350 2056 tantum

186 2104 336 2179 respecta
358 2105 425 2182 est,
450 2118 522 2166 cum
544 2101 625 2166 nihil
647 2099 736 2166 aliud
760 2099 1014 2181 exprimeretur,
1047 2094 1111 2160 nisi
1135 2095 1197 2161 duo
1219 2096 1351 2162 nomina

186 2209 278 2268 arcte
307 2204 393 2272 iuter
424 2225 459 2272 se
489 2205 666 2288 composita
696 2224 784 2288 esse,
820 2201 1016 2287 significatio
1050 2207 1158 2266 autem
1192 2219 1348 2284 quaenam

187 2309 249 2374 hae
270 2311 497 2394 conjuratione
518 2317 633 2378 notata
656 2315 758 2394 esset,
773 2373 775 2378 ,
790 2312 851 2376 hoc
880 2326 945 2374 non
967 2324 1156 2409 expressum
1179 2324 1250 2372 esse
1271 2305 1350 2371 mihi

187 2413 326 2480 videtur.
334 2414 384 2504 ⁴⁰¹²)

294 2519 329 2586 Si
341 2539 419 2588 vero
432 2522 597 2590 notionem
613 2520 860 2606 ‚cohaerentiae‘
872 2519 920 2586 ita
932 2517 1080 2598 accipere
1092 2515 1184 2598 velis,
1200 2520 1237 2582 ut
1251 2515 1350 2599 signis

188 2624 339 2691 flectione
354 2625 417 2694 dno
433 2628 564 2694 nomine
586 2629 673 2694 inter
689 2647 725 2693 se
739 2630 913 2694 cohaerere
930 2644 970 2692 ea
990 2621 1122 2688 notione
1137 2619 1348 2705 exprimatur,
1388 2673 1401 2696 ,

188 2729 237 2796 ita
266 2737 303 2796 ut
332 2731 471 2798 altarum
501 2750 616 2799 nomen
651 2732 943 2814 comprehendatur
977 2729 1080 2794 altero
1112 2726 1165 2792 vel
1196 2730 1350 2792 accurate

189 2836 378 2922 deflentur,
415 2838 528 2906 eodem
553 2839 629 2923 jure
662 2837 762 2904 etiam
792 2835 1013 2904 accusativum
1047 2829 1216 2898 nominare
1248 2829 1352 2913 possis

189 2959 315 3026 casum,
338 2943 394 3024 qui
415 2945 658 3012 cohaerentiam
680 2945 819 3029 indicet,
852 2961 924 3011 anm
946 2936 1085 3010 nominis
1114 2936 1251 3023 alicujus
1280 2955 1352 3002 cum

189 3047 289 3113 verbo
319 3050 494 3118 transitivo
525 3051 713 3134 compositio
744 3070 784 3118 ea
814 3051 874 3134 sit,
905 3056 942 3116 ot
967 3046 1103 3116 verbum
1131 3043 1351 3124 transitivum,

189 3171 262 3218 oum
277 3173 337 3236 per
352 3173 388 3220 se
399 3155 542 3224 existens
554 3157 751 3224 sententiam
762 3155 903 3223 nondum
916 3152 1098 3221 absolutam
1109 3166 1214 3229 neque
1225 3147 1352 3229 plenam

295 3329 322 3394 *l
341 3329 456 3396 Omnes,
484 3345 552 3399 quas
571 3347 692 3401 unquam
715 3332 766 3384 viri
788 3328 953 3400 grammatici
973 3329 1161 3396 instituerunt,
1181 3329 1353 3385 delinitione·

190 3419 309 3492 genetivi
330 3419 368 3486 <ut
378 3420 530 3486 genetivum
543 3437 724 3489 possessorem
737 3422 856 3492 alicujus
876 3418 914 3472 rei
929 3423 975 3472 airt
996 3421 1153 3476 relationem
1174 3429 1220 3472 aut
1237 3421 1352 3488 supple·

190 3493 309 3561 ruentum
339 3517 385 3562 aut
413 3515 519 3576 partem
539 3519 585 3564 aut
613 3527 721 3563 eausam
751 3509 861 3562 alterins
887 3509 1003 3563 nominis
1031 3511 1168 3573 indicare,
1200 3509 1353 3576 dequibus

190 3597 352 3666 Rornpelius
372 3599 388 3655 l.
409 3599 429 3652 l.
450 3613 476 3674 p.
498 3599 545 3653 ²99
564 3615 602 3669 sq.
621 3602 740 3670 perbene
753 3599 902 3670 judicavit)
921 3599 1048 3667 persequi
1068 3597 1150 3650 liceat
1169 3595 1235 3649 rnihi
1256 3613 1354 3666 snper-

190 3687 301 3754 sedere,
336 3703 398 3742 eum
427 3690 531 3744 nullam
562 3705 655 3744 earum
684 3697 796 3744 naturae
828 3687 948 3750 renetivi
982 3685 1164 3755 explicandae
1198 3685 1354 3740 mustacem

191 3776 330 3846 cognitum
348 3777 391 3834 sit.
409 3809 445 3818 -
464 3778 505 3831 De
523 3778 662 3848 Rumpelii
682 3780 840 3834 detloitione
857 3777 926 3832 infra
946 3774 1109 3830 videbimus.

295 3866 337 3930 **)
358 3867 463 3924 vilmar
489 3867 532 3933 ,de
552 3870 672 3938 genetivi
697 3885 776 3923 casus
795 3867 917 3937 syntaxi,
945 3879 1027 3935 quam
1052 3867 1185 3933 praebeat
1210 3864 1356 3918 Harmonia

194 3953 404 4022 Evangeliorum
426 3995 433 4010 .
453 3961 468 4012 .‘
494 3972 522 4025 p.
542 3959 559 4010 8
579 3959 613 4010 de
630 3955 682 4011 hae
702 3959 859 4011 delinitione
879 3953 1014 4024 genetivi,
1033 3960 1063 4007 ut
1081 3961 1177 4024 postea
1196 3954 1263 4016 vidi,
1283 3953 1356 4006 idem

187 4044 335 4114 Judieavit,
354 4061 415 4100 curn
434 4047 553 4101 diceret:
583 4048 679 4114 ,lavinia
698 4048 821 4116 proter-to
840 4045 971 4108 dollrntio,
991 4058 1075 4114 quum
1094 4042 1121 4096 in
1142 4045 1250 4111 syntaxi
1271 4057 1356 4111 quae-

191 4133 307 4186 rendum
327 4134 363 4188 sit
380 4135 486 4205 potius,
505 4151 593 4206 quae
610 4143 637 4191 et
656 4137 776 4208 qualia
794 4137 830 4190 eit
847 4135 899 4189 ista
918 4135 1089 4205 conjunctio,
1107 4131 1181 4185 unda
1198 4137 1266 4196 orta,
1284 4131 1357 4184 unde

192 4222 333 4294 prolecta.⁴
