2970 4754
690 270 737 339 at

234 466 308 532 Hoc
331 471 440 535 autem
455 485 611 538 11111111
627 469 794 552 utriusque
809 469 1015 554 delinitionis,
1039 489 1175 552 1111111
1190 471 1297 541 altera

127 571 397 654 ephuosoputae,
421 572 527 638 altera
542 593 560 640 1
575 575 711 659 linguae
731 575 838 642 studio
861 574 965 657 petita
979 579 1039 652 est,
1063 595 1102 642 aa
1124 577 1295 660 sententia,

127 695 226 758 quam
249 676 398 758 equidem
421 677 461 744 de
483 680 629 761 genetivi
651 680 808 762 primaria
830 679 865 747 vi
887 687 1068 746 sanatura
1093 681 1213 767 statui,
1244 684 1297 751 vel

126 781 270 850 maxime
293 784 460 864 probatur.

235 887 389 954 Venimus
411 907 495 954 nimo
519 889 561 954 ad
583 891 809 958 secundarium
824 889 880 978 (ci.
896 909 971 974 pag.
991 889 1045 977 12)
1061 893 1207 974 genetivi
1222 894 1297 976 puri

127 1011 231 1076 usum,
255 1013 318 1074 quo
342 1014 415 1056 1111
439 995 543 1056 verbis
565 1000 785 1079 conjungitur.
960 1068 965 1074 Ι

121 1115 129 1120 ·
234 1096 424 1190 (1111111111,
448 1101 810 1180 quamquamaverbali
820 1107 987 1168 structura
997 1119 1130 1184 prorsus
1142 1104 1297 1172 abhorret

127 1202 219 1290 (pag.
238 1201 304 1289 12),
326 1206 437 1268 111111
455 1221 494 1270 111
510 1205 663 1289 analogia
678 1206 841 1275 nominum
856 1226 928 1273 cum
942 1207 1097 1290 genetivo
1113 1209 1296 1292 conpuncta

126 1327 200 1374 rum
231 1308 332 1374 etiam
360 1308 462 1374 verba
492 1309 555 1376 sibi
587 1311 734 1396 asciscit,
770 1331 864 1393 quem
897 1313 1118 1380 adverbialem
1151 1313 1297 1396 genetivi

127 1432 221 1480 111111
244 1411 307 1498 (ita
323 1431 394 1479 eum
414 1433 506 1482 usum
521 1414 629 1482 dicere
643 1415 723 1482 mihi
737 1416 843 1500 liceat,
868 1435 930 1496 quo
946 1418 1118 1499 genetivus
1134 1418 1177 1484 ad
1192 1421 1295 1487 verba

128 1518 270 1604 accedit)
286 1519 327 1582 ab
343 1518 542 1585 adnominali
564 1539 624 1588 usu
647 1519 804 1604 originem
828 1521 946 1590 ducere
968 1527 1070 1604 patet.
1115 1522 1296 1604 Quodque

127 1624 222 1690 modo
251 1623 327 1708 fiat,
359 1623 455 1690 facile
485 1624 633 1708 intellegi
656 1631 772 1706 petest.
825 1627 935 1692 Verba
965 1627 1050 1698 enim
1080 1647 1122 1694 111
1144 1628 1296 1712 analogia

128 1749 238 1796 eorum
261 1729 434 1814 nummum,
457 1730 491 1795 in
506 1749 640 1812 quorum
654 1731 818 1797 notionem
841 1733 970 1816 cadunt,
995 1732 1129 1799 1111111
1145 1733 1296 1816 genetivo

127 1835 380 1919 conjunguntur,
404 1841 440 1900 ut
450 1835 621 1902 nominalis
631 1837 730 1921 notio,
755 1857 838 1919 quae
852 1839 1085 1922 verbosubest,
1109 1838 1296 1921 genetivum

127 1939 258 2006 efficiat.
303 1941 413 2021 Atque
435 1945 472 2006 ut
493 1942 641 2022 exempla
662 1943 817 2033 nonnulla
833 1942 975 2025 afferam,
1000 1941 1048 2007 ita
1071 1943 1295 2024 explanandus

127 2055 178 2114 ast
208 2045 398 2130 genetivus,
423 2045 480 2126 qui.
500 2046 631 2126 ponitur
656 2047 743 2127 apud
766 2048 868 2114 verba
899 2051 1038 2132 πειρᾶν,
1073 2051 1290 2137 namnetas,

126 2152 335 2238 βασιλεύειν,
367 2150 540 2232 ἀνάσσειν,
564 2150 767 2235 ἀριστεύειν,
792 2153 874 2236 alia,
902 2151 1073 2234 inquibus
1098 2153 1293 2220 dictionibus
1317 2203 1320 2212 ·

126 2257 298 2342 genetivus
321 2261 494 2338 propterea
523 2257 672 2342 ponitur,
704 2258 788 2340 quod
818 2259 921 2325 latent
951 2260 1098 2325 notiones
1128 2261 1292 2326 nominum

127 2367 228 2446 πεῖρα
251 2358 386 2447 (πειρᾶν
408 2385 496 2438 τινος
520 2385 560 2420 =
585 2365 705 2452 πεῖραν
722 2362 839 2448 λαβεῖν
861 2362 974 2450 τινος),
996 2363 1164 2447 βασιλεὺς,
1189 2363 1292 2446 ἄναξ,

127 2466 274 2552 ἄριστος.
319 2466 469 2534 Alterum
499 2489 594 2549 porro
625 2490 727 2552 genus
758 2470 999 2552 genanuorum,
1032 2469 1088 2550 qui
1118 2471 1221 2536 verba
1243 2490 1291 2536 11

126 2577 279 2654 quantur,
302 2570 350 2636 111
372 2580 593 2653 comparatum
609 2579 667 2658 est,
691 2579 728 2639 11
750 2575 895 2658 genetivi
914 2579 1059 2656 potestas
1074 2593 1139 2643 uon
1161 2573 1224 2639 nisi
1247 2575 1289 2640 ad

126 2681 255 2759 partem
277 2677 326 2742 rei
343 2677 506 2746 referatur
523 2684 556 2744 et
570 2679 621 2745 vis
637 2680 705 2762 ejus
720 2679 764 2744 sit
779 2679 947 2762 partitiva,
972 2699 1044 2745 cum
1060 2681 1173 2746 eadem
1188 2681 1290 2747 verba

126 2782 314 2850 accusativo
329 2787 471 2850 assumto
486 2782 671 2867 significent
693 2803 773 2868 ‚rem
796 2784 889 2866 quasi
903 2785 1032 2866 penitus
1048 2787 1217 2852 subactam
1239 2785 1292 2853 vel

126 2908 192 2954 non
214 2886 391 2970 partitam‘.
437 2890 528 2956 Haec
551 2895 659 2956 autem
681 2894 757 2956 sunt
771 2891 883 2976 verba,
908 2909 992 2972 quae
1012 2889 1159 2956 indicant
1184 2892 1292 2974 ,sensi

126 2996 187 3060 bus
198 2993 377 3078 percipere,
393 3001 536 3080 gustare,
552 2996 674 3080 bibere,
689 2995 795 3080 edere,
807 2995 971 3080 jaculari‘,
987 2995 1115 3062 similia.
1132 2997 1292 3078 Exempla

126 3101 222 3183 hujus
245 3119 321 3166 usus
344 3101 489 3182 genetivi
510 3112 700 3168 enumerare
721 3101 854 3182 lengum
877 3105 928 3166 est
957 3120 1062 3182 neque
1092 3099 1189 3184 utile,
1221 3120 1293 3171 cunt

128 3203 162 3268 in
185 3204 305 3287 wulgus
328 3204 373 3269 111
394 3210 515 3288 notum,
539 3204 615 3286 quid
637 3205 701 3270 sibi
722 3205 826 3272 velint
848 3204 872 3269 ii
895 3205 1048 3286 genetivi.

233 3308 352 3376 Omnes
375 3316 483 3376 autem
506 3309 730 3392 genetivorum
752 3329 824 3375 cum
843 3309 952 3375 verbis
975 3315 1157 3377 structuras
1181 3315 1294 3392 postea

127 3434 224 3495 quam
243 3414 468 3497 genetivorum
491 3435 563 3481 cum
583 3415 765 3480 nominibus
793 3419 976 3482 structuras
1006 3417 1170 3484 exstitisse
1202 3423 1290 3498 puto.

127 3521 238 3586 Verba
260 3520 372 3604 igitur,
397 3540 478 3603 quae
502 3527 601 3588 antea
623 3523 675 3589 vel
699 3539 771 3586 cum
793 3521 996 3605 accusative,
1025 3522 1077 3588 vel
1102 3540 1173 3586 cum
1195 3521 1292 3588 locali

127 3626 181 3695 vel
196 3645 268 3694 cum
283 3625 523 3693 instrumentali
539 3645 618 3692 casu
633 3627 805 3710 conjuncta
820 3630 905 3709 1111,
928 3630 1090 3707 postremo
1103 3626 1291 3708 genetivum

128 3729 317 3796 assumsisse
339 3731 418 3796 mihi
440 3731 621 3798 videntum·
647 3731 746 3798 Velut
767 3736 805 3795 ut
828 3749 926 3796 unum
943 3731 1123 3812 exemplum
1146 3729 1289 3817 afferam,

128 3853 225 3915 quum
246 3836 349 3903 verba
371 3835 526 3917 implendi
548 3835 755 3920 respicimus,
784 3835 851 3918 jam
881 3835 915 3899 in
936 3835 1067 3901 Vedicis
1094 3837 1292 3904 carminibus

128 3945 161 4007 ct
184 3961 255 4007 cum
269 3939 511 4007 instrumentali
526 3945 557 4006 et
573 3959 645 4006 cum
660 3938 813 4024 genetivo
829 3941 1002 4024 conjuncta
1015 3941 1108 4008 nobis
1124 3947 1290 4010 oecurunt.

129 4046 191 4112 Sed
213 4046 493 4114 instrumentalem
509 4045 650 4128 priorem
668 4045 768 4112 fuisse
784 4044 1064 4129 constructionem,
1089 4065 1126 4112 eo
1149 4067 1293 4130 compre

128 4153 234 4238 batur,
259 4151 344 4232 quod
366 4153 454 4233 apud
476 4155 578 4222 verba
602 4172 674 4221 cum
697 4149 808 4218 radice
821 4157 906 4234 ,ραν
922 4148 979 4236 (τ-
995 4149 1144 4238 implere)
1169 4173 1295 4238 compo
