2970 4754
771 279 820 351 32

321 479 477 548 Fortasse
499 480 597 548 edam
620 478 913 564 eomprehendenrli
934 482 1040 548 verba
1062 481 1126 547 huo
1146 477 1324 562 pertinent.

320 588 403 653 Tum
425 585 662 654 Delbrueelrius
685 588 854 672 genetivos
868 587 924 670 qni
939 586 1177 668 eomparativos
1195 591 1384 668 sequantur,

219 692 295 760 huie
303 691 417 776 generi
425 692 693 777 attribuerevult‚
701 711 805 776 neque
813 694 946 778 injurias
955 710 1027 758 eum
1035 692 1387 774 eonsensulinguarum

217 803 432 882 cognatarum
441 797 475 865 id
483 798 648 880 probetur.
658 799 831 867 Ablativus
840 795 1255 867 auteminhisdietionrtus
1263 797 1387 879 positus

217 902 345 970 initium
369 901 503 986 indicat,
528 921 626 985 aquo
642 902 713 983 quis
735 905 903 986 proieetus
923 921 1082 987 personae
1104 903 1158 968 vel
1181 902 1232 968 rei
1250 902 1387 986 alicujus

216 1006 449 1090 proprietatem
465 1007 608 1074 denotet.
635 1007 683 1074 ul.
698 1009 810 1075 Delbr.
825 1010 846 1076 l.
859 1028 886 1076 e.
901 1021 976 1093 pag.
992 1010 1042 1075 19.
1066 1007 1245 1091 Egregium
1261 1026 1343 1075 vero
1354 1006 1388 1072 iu

218 1111 476 1196 interpretandis
499 1112 550 1179 his
573 1113 735 1196 genetivis
758 1121 986 1200 argumentum
1000 1113 1138 1181 Persida·
1155 1113 1272 1197 lingua
1295 1113 1388 1180 nobis

175 1271 194 1305 y.
218 1217 420 1301 suppeditat,
444 1235 462 1284 a
484 1235 549 1299 qua
571 1233 669 1284 numu
691 1218 797 1286 instar
820 1219 960 1286 omnium
988 1219 1169 1301 exenrplum
1191 1231 1390 1301 proponam:

216 1324 368 1402 ,bot-tor
391 1343 433 1386 ιιι
455 1327 547 1387 man‘
567 1321 593 1387 i.
613 1341 639 1390 e.
664 1323 776 1390 besser
807 1325 856 1391 als
887 1321 980 1412 (von)
1010 1321 1106 1410 ieh'(
1142 1322 1234 1411 ’).*)
1279 1323 1391 1390 Etiam

219 1426 419 1494 Hebraieam
439 1427 586 1512 linguam
600 1428 654 1494 hie
667 1427 767 1496 dcent
781 1430 954 1514 respicere,
979 1449 1062 1512 qnae
1077 1430 1119 1496 ad
1133 1429 1392 1511 comparativam

219 1533 411 1601 relationem
441 1533 685 1615 exprimendam
719 1536 823 1602 utitur
854 1535 997 1618 praefixo
1027 1553 1076 1619 ro,
1116 1535 1200 1617 quod
1234 1540 1286 1600 est
1319 1533 1392 1616 ipsa

219 1639 324 1704 latina
365 1637 563 1720 praepositio
605 1639 656 1722 ,a‘,
704 1645 742 1705 nt
781 1659 867 1708 unta
902 1659 974 1728 ppnn
1004 1639 1096 1726 (Jud.
1131 1642 1187 1723 14,
1223 1639 1278 1726 18)
1309 1639 1332 1705 i.
1364 1659 1390 1705 e.

222 1742 346 1809 dulcior
369 1743 471 1808 melle
516 1741 719 1824 Significatio
742 1744 844 1826 igitur
868 1744 950 1827 ‚plns
965 1781 1008 1793 --
1031 1745 1136 1825 quam‘
1163 1729 1391 1828 conjungenda

222 1853 274 1914 est
297 1865 369 1915 eum
394 1845 553 1928 primaria
572 1846 810 1931 significatione
827 1852 878 1934 ‚ab
894 1848 1004 1930 aliqua
1018 1849 1075 1915 re‘.
1111 1849 1215 1929 Quam
1229 1848 1392 1915 rationem

221 1953 410 2036 improbans
434 1952 622 2041 uterimei)
645 1973 682 2020 eo
705 1955 810 2039 magis
832 1955 992 2023 inclinas
1013 1955 1162 2040 videtur,
1191 1960 1228 2020 nt
1254 1955 1314 2020 hos
1339 1965 1392 2038 ge

222 2060 349 2128 nativos
377 2059 475 2127 dunat
498 2079 596 2142 puros
619 2060 789 2144 genetivos
811 2063 999 2148 relationis,
1023 2063 1078 2145 qui
1101 2060 1269 2142 diduntur,
1293 2060 1393 2127 simili

222 2164 353 2230 ratione
374 2164 515 2249 positos,
539 2183 603 2246 qua
625 2165 813 2253 genetivus,
843 2169 898 2250 qni
920 2170 1023 2236 verba
1045 2165 1178 2253 ἄρχειν,
1201 2164 1394 2248 βασιλεύειν

224 2274 284 2334 oet.
310 2275 504 2350 sequantur:
528 2269 562 2334 id
585 2273 670 2350 quod
691 2273 763 2339 fieri
778 2275 960 2343 sanseritae
982 2280 1015 2341 et
1033 2273 1158 2341 latinae
1171 2269 1306 2352 linguae
1322 2289 1394 2336 oona

224 2393 322 2442 sensu
346 2381 496 2460 vetatur,
527 2395 549 2442 a
577 2375 694 2457 quibus
723 2395 825 2459 purus
855 2379 1027 2464 genetivus
1057 2383 1131 2463 post
1154 2374 1395 2455 comparativos

224 2481 349 2564 positus
371 2499 505 2562 prorsus
529 2483 693 2550 abhorret.

331 2585 479 2666 Denique
509 2587 594 2667 quod
626 2590 668 2655 ad
699 2591 869 2675 genetivus
899 2611 971 2659 cum
1002 2585 1297 2673 praepositionibus
1321 2605 1394 2654 eou⁵

221 2690 351 2774 junctos
361 2690 492 2776 attinet,
515 2693 752 2763 Delbrueokius
767 2703 863 2779 putat
874 2693 1256 2782 genetivum-ablativum
1272 2691 1393 2774 apponi

228 2796 526 2878 praepositionibus
550 2798 633 2881 ἀπὸ,
658 2800 704 2882 ἐκ,
728 2803 808 2889 πρὸ,
830 2801 921 2884 ἄνευ,
945 2801 1046 2888 πλὴν,
1067 2797 1153 2884 ἄχρι,
1168 2796 1276 2883 μέχρι,
1292 2797 1394 2878 κατὰ,

227 2901 335 2985 παρὰ,
359 2905 452 2986 περὶ,
476 2903 571 2987 πρὸς,
595 2905 691 2989 ὑπὲρ.
733 2907 799 2972 Eos
815 2912 922 2972 antem
937 2904 1117 2989 genetivoS,
1142 2902 1196 2984 qui
1211 2921 1392 2992 eumtprae

225 3006 438 3088 positionibus
460 3006 545 3093 ὑπὲρ
568 3013 602 3074 et
621 3010 688 3094 πρό
711 3009 873 3094 eonjuuoti
896 3015 1013 3093 essent,
1035 3011 1104 3094 jam
1119 3027 1219 3090 supra
1235 3005 1325 3092 (pag.
1343 3007 1386 3073 25

227 3111 355 3200 adnot.)
379 3113 518 3180 diximus
540 3113 589 3180 ita
611 3115 816 3198 aeoipiendos
839 3137 919 3203 esse,
942 3122 979 3184 ut
1002 3114 1147 3200 genetivi
1165 3133 1183 3180 e
1203 3131 1280 3180 easu
1307 3110 1393 3198 (sive

227 3217 332 3303 letali,
356 3219 426 3286 sive
440 3221 600 3310 ablativo)
615 3223 650 3290 in
668 3223 719 3289 his
742 3223 1036 3304 praepositionibus
1054 3221 1179 3286 latente
1200 3219 1391 3304 penderent,

228 3320 263 3386 in
286 3342 350 3403 qua
372 3324 644 3408 interpretatione
667 3328 814 3395 Curtium
836 3333 965 3394 senatus
987 3345 1067 3394 sum.
1187 3386 1192 3397 .

334 3517 359 3579 *l
380 3517 413 3571 ci.
432 3516 583 3572 Lumsden:
604 3534 739 3588 ςιιιιιιιιιι
758 3520 788 3574 oi
798 3519 844 3574 tlte
856 3519 966 3586 persiam
978 3517 1111 3588 languuge
1124 3517 1157 3580 ll,
1168 3516 1230 3570 280.
1265 3517 1306 3570 lo.
1321 3517 1393 3586 Aug.

230 3607 354 3662 l'ullers:
380 3608 563 3664 institutiones
588 3607 697 3680 linguae
721 3609 844 3680 persicae
863 3610 896 3674 11,
915 3625 942 3678 p.
961 3609 1004 3664 60.
1042 3607 1167 3662 Ceterum
1186 3605 1335 3660 notandum
1354 3616 1394 3662 est

231 3695 257 3748 in
286 3699 394 3765 persica
422 3713 533 3770 quoque
569 3697 661 3767 lingua
695 3700 848 3766 genetivum
881 3698 959 3768 sequi
993 3696 1225 3768 comparativum,
1262 3704 1306 3748 ut:
1345 3697 1393 3760 ‚ba

231 3786 402 3840 kucalrtar
420 3788 431 3839 i
449 3786 542 3841 lehad
560 3787 716 3840 harusari
735 3790 897 3858 nabayad
916 3787 1009 3841 lrard‘
1029 3787 1047 3840 i.
1064 3803 1086 3838 e.
1106 3800 1166 3838 oum
1186 3783 1291 3838 minere
1312 3801 1392 3854 quum

231 3885 258 3932 tu
275 3885 337 3942 [est.
348 3879 463 3930 societas
477 3893 529 3931 non
543 3882 583 3929 est
595 3875 726 3941 iacienda,
746 3877 793 3930 ubi
806 3879 941 3932 kucaktar
953 3875 962 3928 i
978 3873 1051 3928 klrad
1065 3871 1183 3942 genetivi
1196 3878 1332 3928 structura
1344 3880 1390 3928 est.

335 3965 377 4033 **)
398 3965 634 4036 ,llrltluterungen‘
654 3981 680 4035 p.
706 3965 763 4020 tte,
1356 3965 1360 3974 ’

710 4158 918 4170 ι--ι--
