2970 4754
676 344 738 414 '25

130 543 473 613 verschiedenen
494 543 675 611 zweckcm.
720 545 909 628 temperari
932 544 1031 612 etiam
1050 551 1185 627 possunt
1198 565 1295 614 voces

131 667 333 733 synonymae
356 655 389 715 et
411 649 496 730 quod
518 650 647 716 Pettius
668 651 689 716 l.
706 651 727 717 l.
744 651 865 734 attudit,
889 650 1004 717 variae
1023 649 1137 716 aoristi
1160 650 1293 736 formae,

131 754 291 836 imprimis
314 759 422 820 autem
446 755 577 822 dativus
600 761 780 837 quoquest
803 755 925 842 localis,
950 775 1084 838 quorum
1108 775 1239 822 casuum
1261 757 1296 824 in

131 861 238 926 altero
268 861 382 928 localis
411 860 500 928 notio
530 862 636 944 magis
665 861 852 946 praevalet,
883 881 956 927 eum
986 854 1092 928 dativi
1114 861 1220 928 forma
1242 881 1297 929 eas

130 967 241 1048 potius
263 967 438 1034 relationes
459 967 648 1051 susceperit,
675 967 709 1032 in
732 967 847 1050 quibus
868 966 958 1034 notio
981 966 1128 1033 sensibus
1151 967 1298 1052 subjecta

131 1071 175 1137 ad
197 1072 430 1156 cogitationem
449 1071 518 1155 jam
539 1073 702 1138 translata
724 1071 824 1160 est.*)

238 1177 332 1244 Haec
358 1179 523 1245 hactenus·
542 1179 582 1244 de
611 1178 764 1262 genetivo
787 1197 858 1243 cum
880 1175 1094 1245 substantivis
1118 1169 1298 1262 conjuncto.

131 1281 261 1348 Deinde
292 1283 377 1364 quod
407 1284 450 1350 ad
479 1285 648 1368 genetivus
679 1303 748 1350 cum
780 1283 952 1368 adjectivis
983 1287 1016 1348 11
1038 1282 1203 1350 adverbiis
1227 1303 1299 1350 cona

127 1389 260 1473 junctos
283 1389 419 1474 attinet,
443 1395 481 1456 ut
503 1409 557 1457 eos
581 1407 705 1472 quoque
727 1389 845 1456 leviter
870 1389 1086 1474 attingamus,
1118 1388 1216 1455 etiam
1246 1389 1299 1456 hic

132 1492 279 1576 genetivi
302 1511 378 1560 usus
402 1495 448 1579 ei,
473 1514 569 1577 quam
594 1515 652 1560 nos
676 1493 828 1578 genetivo
850 1494 956 1560 inesse
978 1494 1136 1578 volumus,
1160 1502 1299 1562 naturae

131 1597 264 1664 minime
279 1605 451 1682 repugnat.
484 1600 600 1666 Omnia
617 1599 701 1696 enim
717 1598 890 1684 adjectiva,
915 1619 1031 1680 quase
1048 1599 1200 1682 genetivo
1220 1607 1299 1682 apta

131 1703 250 1770 Sieclre
264 1705 285 1768 l.
301 1705 322 1770 l.
339 1723 369 1786 p.
387 1707 429 1771 30
443 1725 490 1788 sq.
511 1709 748 1788 enumerabant
772 1723 843 1769 cum
865 1704 899 1770 in
915 1705 1192 1772 substantivorum
1207 1723 1299 1772 usum

132 1810 292 1894 abierint,
324 1829 434 1877 eorum
464 1812 592 1878 ratione
622 1810 788 1893 nituntur,
820 1816 877 1876 aut
907 1829 979 1876 cum
1002 1815 1035 1876 et
1058 1810 1244 1894 genetivum
1267 1816 1300 1877 et

130 1916 268 1981 localem
289 1915 460 2001 asciscant,
483 1919 546 1983 hac
568 1916 640 1997 ipsa
661 1935 698 1981 re
721 1914 866 1997 genetivi
889 1921 922 1980 et
943 1914 1055 1980 localis
1078 1935 1213 1982 munera
1234 1934 1299 1981 non

131 2021 305 2103 disparata
328 2041 399 2088 esse
420 2023 653 2088 demonstrant.
1254 2027 1261 2044 ·

244 2127 415 2208 Respectis
428 2133 536 2192 autem
549 2124 1299 2212 adjectivisetadverbiisqualiasuntntricrm,

131 2231 266 2312 ἀντίος,
290 2228 385 2316 ἄγχι,
418 2231 526 2316 ἔγγὺς,
558 2231 678 2298 ’ἔνδοθι
704 2236 784 2315 cet,
816 2232 849 2295 et
874 2229 1186 2313 praepositiunibUS,
1218 2250 1298 2312 quas

133 2338 265 2418 quidem
280 2338 438 2405 adverbia
453 2338 604 2419 primitus
617 2337 716 2404 fuisse
728 2343 866 2420 constat,
889 2327 995 2416 ἕνεκα,
1019 2334 1090 2415 διὰ,
1106 2333 1192 2418 ὑπὲρ
1204 2335 1296 2422 (sscr.

130 2441 503 2531 ,1111111111ρὸᾒῆ
518 2443 676 2510 similibus
689 2449 828 2526 apparet
840 2442 1035 2526 genetivum,
1053 2460 1114 2522 quo
1127 2441 1298 2522 expleatur

131 2550 222 2614 notio
246 2549 287 2614 iis
310 2551 466 2634 subjecta,
492 2550 626 2616 localem
649 2549 715 2616 vim
737 2551 869 2615 habere
908 2545 1042 2612 Minime
1060 2565 1139 2613 vero
1155 2546 1299 2628 genetivi

132 2673 206 2720 cum
237 2641 408 2739 adjectivis
440 2654 603 2738 conjuncti
632 2653 681 2718 ita
706 2653 875 2735 explanari
900 2657 1052 2736 possunt,
1084 2657 1121 2717 ut
1144 2651 1296 2734 genetivo

132 2761 374 2826 cohaerentiam
408 2759 543 2825 duorum
577 2757 741 2823 nominum
778 2757 916 2824 indicari
951 2754 1089 2820 dicatur.
1145 2757 1229 2822 Nam
1261 2762 1300 2823 ut

132 2865 282 2945 exempla
304 2865 446 2950 afferam,
471 2863 626 2949 genetivi,
650 2864 705 2944 qui
728 2863 892 2949 adjectiva
913 2859 1064 2942 καθαρὸς
1085 2865 1118 2926 11
1139 2863 1299 2949 caucasus

132 2977 311 3050 sequuntur
342 2971 434 3057 (Her.
459 2973 512 3056 ΙΙ,
545 2971 604 3055 38,
636 2970 752 3036 Aesch.
776 2971 866 3035 Pers.
892 2967 974 3049 873,
1004 2964 1083 3032 Eur.
1109 2965 1204 3052 112),
1235 2967 1299 3032 ista

132 3075 262 3155 quidem
284 3076 412 3142 ratione
426 3078 557 3143 minime
572 3075 720 3158 intellegi
735 3079 880 3158 possunt,
905 3072 962 3139 sed
977 3070 1131 3137 facillime
1146 3091 1186 3136 ea
1200 3071 1298 3138 intem

131 3181 334 3266 pretatione,
365 3187 401 3248 ut
425 3182 595 3266 genetivus
617 3181 697 3246 fines
719 3180 773 3247 vel
794 3179 959 3262 regionem
983 3174 1130 3241 iudicare
1160 3175 1297 3261 dicatur,
1388 3190 1408 3202 ‘

137 3305 348 3318 ιι--ᾷ

238 3355 263 3420 *t
284 3357 325 3410 De
346 3357 472 3409 universa
496 3355 548 3409 bac
574 3357 731 3426 quaestione
759 3354 861 3408 videsis
886 3353 981 3424 langii
1006 3359 1155 3412 credonem
1179 3359 1207 3414 in
1233 3375 1298 3414 eon·
1355 3377 1357 3382 ·

132 3461 228 3516 gressu
246 3447 451 3516 philologorum
470 3446 612 3500 Misuiensi
630 3446 751 3498 hattitam
771 3456 810 3514 tp.
830 3444 864 3512 b).

239 3533 364 3589 Ceterum
384 3552 444 3588 curu
471 3537 593 3589 dativum
618 3551 730 3605 quoque
755 3551 771 3587 a
796 3533 878 3587 locali
905 3550 970 3588 casu
996 3551 1048 3589 uon
1076 3535 1171 3602 procul
1197 3536 1298 3591 distare

133 3631 247 3689 constet,
267 3625 289 3678 si
309 3625 421 3700 quidem
441 3633 513 3679 recte
534 3626 568 3678 do
587 3643 646 3696 gen.
661 3625 858 3695 judicavimus,
878 3623 1001 3676 dativum
1022 3640 1132 3695 quoque
1152 3626 1298 3693 ageuetivi

132 3729 184 3766 usu
202 3729 299 3782 parum
320 3713 468 3768 abhorrere
488 3721 696 3768 consentaneum
716 3719 771 3766 est:
797 3712 826 3764 id
853 3711 929 3781 quod
949 3713 1145 3782 comprobatur
1164 3713 1298 3782 exemplis

132 3819 149 3858 a
168 3803 337 3857 Lesbonacte
354 3819 383 3872 p.
407 3803 450 3858 181
475 3803 565 3858 allatis
573 3821 586 3857 ι·
603 3805 752 3871 χαλινὸντῷ
773 3804 850 3869 ἵππῳ,
873 3799 889 3864 ἡ
911 3803 1050 3871 1111λῂνῇ
1069 3799 1207 3874 ἀνθρώπῳ,
1227 3803 1289 3858 allis

237 3892 280 3958 **)
308 3892 553 3946 Animadversione
583 3893 695 3962 dignum
718 3891 784 3944 mihi
812 3889 923 3942 videtur
947 3890 1021 3958 quod
1046 3891 1188 3961 genetivus
1213 3907 1299 3960 purus

132 3990 240 4050 praeter
267 3982 431 4052 improprias
458 3982 687 4051 praepositiones,
712 3980 808 4050 quales
833 3988 896 4032 sunt
921 3981 1003 4044 ἕνεκα,
1024 3981 1101 4053 χάριν
1129 3981 1298 4048 (1111111111,

133 4073 232 4142 gratia)
252 4073 326 4140 ipsas
345 4087 423 4124 veras
442 4073 658 4139 praepositiones
685 4085 824 4139 nunquam
850 4069 976 4136 manmit,
1002 4068 1026 4122 si
1053 4069 1165 4139 quidem
1185 4085 1231 4124 eas
1250 4071 1298 4124 de·

134 4161 258 4227 traxeris,
277 4160 421 4229 inquibus
442 4163 594 4217 terminatio
614 4162 733 4232 alicujus
752 4158 868 4212 nominis
884 4156 960 4226 latet,
979 4172 1014 4212 ex
1028 4169 1083 4226 quo
1097 4174 1157 4228 geu.
1171 4159 1298 4230 pendeat,

134 4258 164 4305 ut
181 4254 209 4305 tn
227 4250 386 4318 tadzdm',
405 4247 653 4326 bup=bmptnpd
664 4261 777 4320 :pro·
788 4247 815 4305 d.
844 4245 1299 4322 Ρ111111111181111111.1.160.
