2970 4754
681 328 725 398 15

109 543 240 608 quoque
262 543 431 611 negamus.
464 527 529 594 Sed
545 533 796 596 consentaneum
812 531 862 594 est
875 549 931 595 eas
945 527 1063 596 mentis
1082 529 1280 612 agitationes

110 631 278 698 hominum
300 632 429 714 prame
451 633 572 700 aetatis
594 640 734 702 naturae
756 653 796 700 ac
818 633 994 702 conditioni
1016 653 1127 701 eorum
1160 655 1282 704 mooun

112 737 265 804 medates
287 737 389 804 fuime
419 742 453 804 et
475 738 509 804 in
532 737 583 804 his
607 757 732 820 quoque
756 740 853 806 rebus
876 739 1031 822 quidquid
1053 739 1195 806 oriretur
1216 759 1281 809 non

113 847 252 922 repente
276 843 320 908 ad
341 843 525 910 absolutam
548 843 780 925 perfectionem
794 844 991 927 pervenisse.
1037 846 1121 912 Nem
1139 845 1282 927 ‘exempli

115 947 227 1032 gratia
244 967 316 1014 eum
338 947 373 1014 in
396 947 522 1014 artibus
537 949 723 1016 excolendis
738 950 905 1034 ingenium
921 956 1111 1016 exercerent
1125 949 1280 1034 homiues,

114 1071 178 1120 non
202 1073 224 1118 a
247 1053 403 1134 perfectis
426 1053 538 1119 formis
558 1055 611 1122 vel
628 1055 726 1122 certis
741 1057 868 1140 legibus
891 1054 1020 1122 initium
1036 1060 1200 1139 ceperunt,
1224 1055 1282 1122 scd

115 1158 273 1240 oprimis
296 1157 502 1224 lineamentis
532 1178 572 1224 ac
593 1159 786 1228 rudimentis
809 1162 946 1245 artium,
982 1164 1016 1227 et
1046 1179 1117 1226 cum
1148 1163 1282 1244 psyche

116 1263 247 1347 logium,
272 1271 310 1330 ut
332 1265 433 1332 verbo
456 1269 576 1347 uterer,
599 1265 807 1351 respicimus,
830 1286 894 1334 non
919 1265 1030 1332 statim
1053 1266 1095 1332 ad
1117 1267 1281 1334 notionem

117 1369 245 1436 ammae
267 1369 413 1436 homines
436 1370 554 1436 mentis
585 1389 663 1436 suae
693 1372 875 1454 agitatione
897 1378 1125 1454 pervenerunt.
1173 1370 1281 1454 Quo?

118 1493 187 1541 oum
209 1493 392 1542 sermonem
415 1475 610 1560 excolerent,
634 1477 792 1561 optativo,
815 1481 853 1544 ut
876 1477 1056 1558 exemplum
1075 1475 1218 1561 afferam,
1243 1495 1282 1544 ea
1331 1471 1338 1484 '

117 1579 252 1648 subtilia
285 1579 490 1663 discrimina,
527 1599 610 1661 quae
640 1588 774 1663 postera
803 1587 913 1650 aetate
941 1582 1017 1648 huic
1049 1581 1143 1646 modo
1176 1581 1282 1648 inesse

116 1685 275 1768 videmus,
298 1689 408 1752 mento
429 1703 489 1751 sua
513 1686 555 1751 ab
578 1684 672 1752 initio
696 1685 861 1768 imponere
883 1705 948 1755 non
971 1691 1156 1769 potuerunt,
1180 1686 1281 1754 seda

115 1789 249 1858 notione
272 1789 387 1873 eundi,
411 1809 494 1872 quac
516 1796 567 1857 est
589 1790 737 1857 sensibus
759 1793 915 1877 subjecta,
938 1792 1078 1875 proiecti
1100 1791 1281 1874 optativum

115 1897 293 1964 usitaruut.
341 1895 464 1974 Quibus
487 1895 596 1963 verbis
626 1895 724 1962 iactis
755 1897 860 1964 elucet
889 1898 1056 1981 ingenium
1085 1896 1196 1978 populi
1217 1913 1280 1962 non

118 2002 270 2084 primitus
292 2005 362 2066 tam
384 2001 495 2068 verbs
517 2000 772 2084 significationes
795 2002 1014 2087 conjunctioni
1029 2001 1165 2068 duorum
1182 1999 1281 2067 nomi

117 2127 192 2174 num
217 2105 401 2174 attribuere
422 2106 575 2189 potuisse,
599 2106 657 2172 sed
680 2127 700 2172 a
721 2107 896 2190 principali
918 2107 1057 2189 quadam
1079 2105 1225 2191 genetivi
1247 2105 1282 2173 vi

117 2211 297 2293 proiectum
320 2213 516 2294 procedente
537 2217 684 2293 tempore
713 2212 824 2280 varias
846 2213 1100 2298 significationes
1128 2210 1280 2296 genetiuo

115 2317 307 2399 imposuisse
323 2336 519 2384 semmam.

220 2423 423 2507 significatio
445 2421 547 2505 igitur
577 2423 749 2509 primaria,
781 2445 863 2507 quae
893 2423 1038 2508 genetivi
1064 2423 1108 2490 sit
1136 2420 1279 2504 propria,

115 2528 171 2594 illa
193 2529 381 2596 definitione
395 2529 500 2595 Curtii
522 2530 722 2612 aliorumque
740 2531 884 2598 virorum
908 2526 1193 2614 grammaticorum
1215 2543 1280 2592 non

115 2653 270 2727 expressa
291 2653 395 2716 neque
417 2636 585 2716 patefacta
603 2641 661 2702 est.
708 2635 800 2716 Quae
822 2655 894 2702 cum
917 2635 964 2702 ita
995 2633 1077 2718 sint,
1109 2631 1152 2698 ad
1182 2630 1280 2698 aliam

115 2739 275 2805 rationem
290 2739 435 2823 genetivi
448 2745 601 2806 naturam
614 2741 826 2824 intellegendi
849 2740 982 2808 adducti
997 2741 1066 2824 jam
1082 2756 1165 2819 quea
1187 2735 1280 2803 nobis

116 2863 194 2912 vera
217 2865 258 2910 ac
279 2845 422 2927 genuina
444 2847 589 2932 genetivi
611 2852 758 2929 potestas
781 2865 851 2914 essa
873 2844 1042 2936 videatur,
1074 2860 1279 2924 exponamus.

218 2951 269 3016 Ac
292 2949 430 3031 primurn
453 2953 581 3034 quidem
604 2954 814 3036 excutiamus
839 2937 907 3034 quo
922 2955 1068 3032 tempore
1089 2967 1148 3031 pro
1164 2947 1281 3013 ceteris

116 3055 243 3121 casibus
261 3056 448 3138 genetivum
462 3059 497 3124 in
513 3079 606 3126 usum
620 3060 750 3128 uenisse
760 3055 937 3126 uerisimile
950 3055 1004 3121 sit.
1028 3053 1119 3134 Quae
1134 3051 1280 3134 quaestio

115 3180 307 3242 quamquam
330 3169 418 3230 carto
440 3164 523 3232 solvi
538 3184 602 3232 non
625 3170 741 3247 potest,
765 3168 875 3228 tamen
889 3181 943 3226 res
962 3161 1120 3240 quaedam
1135 3165 1278 3243 emant,

115 3269 230 3348 quibus
253 3268 294 3334 ad
320 3288 392 3334 eam
422 3271 617 3337 sententiam
649 3267 838 3337 adducimur
869 3265 1056 3352 genetivum
1078 3267 1111 3332 in
1134 3285 1281 3334 sermone

114 3373 278 3439 hominum
300 3381 497 3455 postremum
520 3375 659 3443 omnium
683 3393 815 3442 casuum
832 3370 987 3460 (fortasse
1003 3371 1115 3442 dativo
1131 3373 1279 3460 excepto)

115 3475 147 3542 in
169 3497 263 3544 usum
286 3479 424 3546 venisse.

219 3583 412 3651 Rectissime
430 3586 647 3671 Romaanus„
679 3605 751 3653 cum
781 3604 853 3652 eam
883 3583 1103 3666 quaestionem
1125 3582 1279 3667 attingat,

116 3689 155 3755 do
184 3709 224 3755 ea
253 3709 290 3756 re
317 3690 461 3776 judicat,
493 3711 564 3758 cum
597 3693 686 3760 dicat
715 3708 846 3758 necesse
869 3708 940 3756 esse
963 3687 1132 3770 populum,
1160 3687 1215 3768 qui
1237 3688 1280 3754 ad

115 3794 259 3876 genetivi
280 3815 373 3863 nsum
396 3799 608 3883 processerit,
633 3798 675 3865 ad
698 3796 836 3880 aarum
858 3793 1018 3876 quendam
1040 3791 1144 3860 cultus
1167 3812 1281 3875 parve

115 3900 200 3964 nisse
230 3919 270 3966 ae
299 3902 450 3972 doctrina
480 3905 619 3986 quadam
650 3903 816 3984 bammum
845 3901 1003 3980 imbutum
1030 3917 1116 3965 esse:
1147 3919 1210 3980 qua
1240 3899 1281 3966 de

117 4023 212 4070 causa
235 4004 410 4076 infantium
433 4008 696 4078 consuetudinem
726 4005 878 4092 loquendi
900 4025 940 4072 ac
960 4006 1072 4089 .plebis
1101 4025 1280 4072 sermonem

118 4111 338 4190 quotidianum
360 4135 381 4180 a
403 4115 549 4200 genetivi
571 4119 734 4199 stuctura‚
763 4111 1052 4197 quamplurimum
1074 4112 1146 4179 lieri
1167 4112 1279 4196 possit,

121 4216 293 4283 abhorrere
309 4217 398 4305 dicit,
422 4226 456 4288 et
471 4241 567 4304 cuum
582 4220 692 4288 dicere
704 4219 838 4288 debeat:
862 4219 931 4303 ,dar
942 4218 1068 4286 (benten
1083 4217 1140 4284 das
1151 4217 1279 4285 Vaters‘
