2970 4754
642 307 725 412 ao

596 438 804 452 ..ι-αι*

113 543 221 629 igitur
242 543 419 628 vetustior,
444 505 616 628 genetivus
638 541 800 628 posterior
826 542 1023 610 constructio
1047 547 1114 627 est,
1145 556 1280 624 quarum

114 655 257 732 utraque
279 649 313 716 in
336 649 450 734 lingua
475 667 596 734 graeca
618 655 652 718 et
673 650 780 718 latina
801 653 935 718 servata
957 653 1016 715 cst.
1045 686 1048 694 ·
1120 655 1123 660 '

620 1324 722 1410 Caput
746 1323 786 1389 ll.

116 1487 178 1568 Bc
205 1481 435 1586 genetiuis,
466 1485 544 1585 qui
570 1485 868 1568 colutivorum
894 1483 990 1567 vico
1015 1480 1279 1582 iunguntur.

646 1645 751 1659 svau-'mn

152 1751 155 1761 ·
222 1728 416 1796 Genetivum
429 1749 582 1813 graecum
593 1731 739 1816 ablativi,
753 1729 852 1814 quiin
864 1750 984 1815 graeca
996 1729 1110 1813 lingna
1121 1726 1282 1810 periisset,

115 1855 251 1902 munera
283 1835 462 1917 suscepisse
496 1835 561 1904 viri
592 1837 798 1921 grammatici
827 1835 1070 1919 comparatione
1098 1833 1283 1918 linguarum

116 1939 264 2007 adhibita
290 1939 480 2023 Jamdudum
509 1941 750 2009 intellexerunt.
796 1943 860 2009 Sed
889 1939 1126 2008 Dclbrueckius
1158 1939 1283 2004 demum

115 2047 176 2111 hoc
191 2063 295 2128 genus
311 2043 535 2127 genetivorum
551 2067 741 2130 graecorum
758 2047 943 2114 accuratius
964 2044 1137 2126 descripsit
1152 2043 1284 2127 ejusque

115 2151 195 2217 fines
226 2150 275 2216 ita
299 2149 482 2236 constitnit,
518 2157 641 2218 utnon
664 2172 744 2235 opus
775 2171 845 2218 esse
866 2151 1035 2219 videretur
1065 2150 1159 2232 plura
1182 2148 1284 2216 verba

115 2256 156 2322 dc
170 2257 234 2320 hac
257 2274 293 2320 re
308 2254 427 2322 facere.
460 2255 615 2324 Attamen
638 2263 674 2323 ut
690 2257 951 2324 dissertationem
973 2256 1014 2322 de
1036 2253 1188 2338 genetivo
1211 2272 1283 2320 cona

117 2360 324 2427 scribendam
339 2360 433 2442 plene
448 2361 639 2446 integreque
651 2361 847 2448 perficerem,
864 2379 1019 2430 summam
1031 2361 1146 2426 saltem
1162 2358 1283 2442 earnm,

118 2485 199 2548 quas
211 2465 449 2532 Delbrueckius
465 2466 618 2552 instituit,
635 2467 877 2549 inquisitionum
892 2467 1016 2533 referre
1027 2465 1106 2531 mihi
1122 2463 1283 2547 proposui,

117 2570 166 2637 ita
180 2577 300 2655 tamen,
316 2575 353 2637 ut
368 2591 482 2656 pauca,
508 2593 590 2653 quae
605 2573 646 2638 de
660 2593 730 2639 meo
743 2573 893 2639 addenda
907 2573 1070 2656 haberem,
1094 2567 1283 2652 proferrem.

223 2677 273 2743 Ac
303 2677 441 2758 primum
472 2677 600 2758 quidem
634 2683 884 2744 consentaneum
915 2682 982 2760 est,
1016 2695 1113 2758 quum
1147 2675 1285 2740 alterum

119 2801 228 2849 casum
251 2782 285 2847 in
309 2783 446 2848 alterum
468 2783 626 2849 transisse
649 2787 825 2866 statuatur,
849 2801 903 2848 cos
926 2802 1017 2848 casos
1033 2781 1086 2847 vel
1108 2781 1286 2846 formarum

118 2887 172 2955 vel
205 2887 478 2970 significationum
513 2887 706 2972 cognatione
741 2888 880 2968 quadam
913 2887 1000 2953 inter
1031 2906 1065 2952 se
1099 2887 1286 2971 conjunctos

119 3012 198 3058 esse.
258 2992 351 3074 Quod
395 2997 567 3075 utrumque
613 2994 647 3060 in
692 2992 836 3061 ablativo
882 2999 915 3059 ct
959 2993 1110 3077 genetivo
1155 2989 1287 3058 evenire

119 3099 286 3184 videmus,
348 3117 419 3165 cum
476 3103 509 3164 ct
568 3097 680 3164 formis
737 3103 770 3164 et
825 3097 1115 3180 significationibus
1177 3095 1287 3178 aliqua

120 3203 204 3269 ratio
239 3203 325 3271 inter
356 3225 410 3272 cos
440 3203 641 3288 intercedat,
677 3203 717 3268 de
747 3222 811 3284 qua
840 3205 909 3287 jam
939 3203 1110 3290 Curtius*)
1145 3202 1287 3284 perbene

120 3309 282 3375 disseruit.
326 3311 410 3377 Nam
441 3329 513 3376 oum
536 3309 723 3393 genetivus
755 3329 948 3392 quamquam
970 3310 1122 3394 primitus
1151 3307 1287 3374 localem

120 3434 248 3482 sensum
262 3416 296 3480 in
309 3435 346 3481 eo
361 3416 462 3482 fuisse
477 3414 695 3500 probavimus
718 3421 850 3497 postera
864 3420 975 3483 tamen
991 3421 1109 3502 aetate,
1126 3420 1163 3482 ut
1185 3432 1285 3495 snpra

121 3520 350 3606 concessimus,
386 3521 514 3588 omnino
544 3521 679 3588 duorum
713 3521 875 3588 nominum
911 3522 1151 3590 cohaerentiam
1185 3517 1287 3587 variis

120 3623 409 3708 significationibus
439 3627 622 3709 praeditam
654 3627 776 3693 indicet
807 3633 839 3693 ct
862 3628 1024 3712 ablativo,
1055 3632 1092 3692 nt
1118 3627 1188 3710 Jam
1209 3622 1286 3689 Indi
1323 3619 1324 3624 ’

120 3730 325 3812 grammatici
357 3731 531 3814 viderunt,
574 3731 750 3813 separandi
781 3731 870 3799 notio
904 3733 999 3817 insit,
1034 3728 1287 3816 significationes

119 3837 232 3901 horum
263 3855 394 3903 casuum
423 3857 488 3904 non
518 3837 631 3919 procul
662 3837 786 3904 distare
816 3843 963 3920 appaot.
1018 3834 1174 3904 Noti‘oncs
1202 3834 1287 3902 enim

121 3941 346 4008 cohaerentiae
370 3948 402 4008 et
416 3943 643 4028 separationis,
668 3962 860 4025 quamquam
879 3943 985 4027 logice
1008 3943 1136 4026 quidem
1152 3945 1287 4024 possunt

121 4045 288 4130 distingui,
311 4052 421 4114 tamen
440 4047 771 4133 psychologice-ut
784 4050 832 4116 ita
844 4048 950 4115 dicam
962 4049 1127 4115 —codom
1139 4047 1286 4116 redeunt.
1393 4093 1396 4100 Δ

225 4255 252 4324 *)
271 4254 508 4326 ,Erltutcrungcn‘
530 4273 556 4326 p.
576 4255 638 4312 165.
