2970 4754
767 357 815 426 le

208 553 421 642 μειλισσέμεν
444 549 512 622 dna
534 554 617 644 (scil.
632 556 762 645 σικύας)
784 556 805 624 i.
822 577 849 625 e.
865 555 1011 627 homines
1033 560 1176 622 mortuos
1199 555 1374 644 placare*)

209 663 263 732 vel
292 681 413 730 morem
441 662 483 730 iis
513 682 629 746 gerere
660 661 746 746 igne.
799 663 890 732 Idem
922 664 1058 732 verbum
1093 661 1127 728 in
1157 662 1376 744 posteriorum

210 773 379 852 poetarum
401 787 548 836 sermone
563 767 693 837 dativus
708 769 834 838 solebat
849 769 950 856 sequi,
973 773 1011 836 ut
1029 767 1117 851 apud
1132 769 1268 836 Theocr.
1284 769 1375 854 XVI,

211 877 270 942 28:
292 874 476 960 μειλίσσειν
490 873 566 940 τινὰ
579 875 740 962 τραπέζῃ,
763 876 850 942 unde
872 881 1012 959 apparet
1033 872 1086 941 hic
1105 891 1231 955 quoque
1252 873 1375 941 instra

210 980 389 1076 moralem·
413 979 447 1046 in
476 981 675 1048 transeundo
705 981 747 1048 ad
777 981 965 1066 genetivum
991 985 1025 1048 et
1054 979 1201 1048 dativum
1231 984 1378 1048 nutasse.

210 1086 295 1154 Vide
317 1090 434 1172 autem,
458 1106 555 1169 quam
577 1086 753 1154 artificiosa
768 1107 807 1156 ac
829 1088 914 1156 falsa
935 1087 979 1155 sit
993 1085 1198 1167 antiquorum
1214 1104 1377 1168 gramma

210 1191 349 1259 tioorum
370 1190 615 1274 interpretatio:
639 1193 793 1278 ,homines
812 1200 956 1264 mortuos
971 1193 1104 1276 placare
1127 1209 1175 1274 eo,
1199 1191 1286 1273 quod
1310 1212 1378 1260 ore

211 1295 386 1363 mationem
409 1298 610 1384 praebemus,
632 1298 682 1366 ita
703 1304 740 1365 ut
754 1299 961 1368 cremationis
975 1296 1152 1381 participes
1175 1295 1261 1364 sint‘.
1298 1299 1380 1383 Fq'us

212 1401 300 1469 modi
320 1401 423 1486 igitur
446 1411 641 1487 argumenta
670 1425 730 1473 acu
761 1407 854 1488 quasi
884 1405 1054 1473 enucleata
1084 1408 1119 1468 et
1140 1407 1214 1469 arte
1236 1403 1379 1484 quadam

214 1513 370 1594 congesta
391 1507 440 1575 illi
455 1510 661 1594 grammatici
683 1512 876 1596 conquirant
897 1528 1030 1580 neeesse
1052 1513 1111 1594 est,
1135 1513 1173 1574 ut
1187 1508 1381 1591 partitivam

213 1615 350 1696 probent
374 1634 445 1682 esse
466 1619 666 1686 structuram
688 1618 775 1686 illius
796 1616 978 1688 locutionis.
1023 1617 1093 1684 Isto
1107 1633 1187 1683 vero
1208 1633 1382 1700 argumen

212 1718 338 1786 tatione
367 1737 432 1784 non
462 1721 539 1802 quid
568 1722 613 1790 sit
642 1725 814 1809 genetivus
844 1722 986 1804 amplexi
1015 1740 1086 1788 esse
1115 1719 1194 1786 mihi
1215 1719 1380 1804 videntur,

213 1823 272 1892 sed
293 1822 393 1892 totius
415 1824 587 1896 locutionis
609 1829 772 1898 sententia
794 1828 872 1911 quid
894 1827 957 1894 sibi
980 1827 1072 1914 velit,
1099 1825 1246 1910 pluribus
1269 1825 1382 1895 verbis

215 1950 370 1998 onerasse
392 1936 425 1998 et
447 1931 577 2016 copiosa
597 1935 796 2018 loquacitate
818 1932 1013 2002 circumisse.
1100 2007 1102 2012 ,

320 2037 383 2104 Sed
405 2039 493 2106 haud
516 2039 664 2109 dissimuli
684 2061 789 2126 neque
809 2038 916 2107 minus
946 2038 1060 2122 inepta
1081 2037 1209 2105 ratione
1230 2035 1282 2101 usi
1304 2042 1382 2104 suut

215 2142 438 2228 grammatici,
467 2164 539 2212 oum
568 2147 773 2233 genetivum,
807 2147 862 2229 qui
891 2147 994 2214 verba
1016 2141 1182 2212 cremandi
1205 2143 1292 2224 apud
1315 2143 1381 2210 Ho=

214 2269 338 2316 nerum
360 2255 565 2336 sequeretur,
597 2253 752 2322 docerent
772 2255 934 2338 indicare,
964 2273 985 2320 a
1008 2272 1069 2334 quo
1092 2250 1215 2332 aliquid
1238 2250 1382 2332 proficies

217 2361 355 2424 ceretur.
388 2356 549 2438 Exempla
571 2357 652 2444 dico,
675 2361 766 2428 velut
780 2369 824 2444 Β,
846 2361 929 2430 415:
951 2364 1080 2446 πρῆσαι
1095 2356 1134 2424 δὲ
1150 2357 1256 2443 πυρὸς
1271 2356 1381 2446 δηΐοιο

216 2463 377 2551 θύρετρα.
400 2469 428 2544 1,
451 2464 532 2528 242:
556 2461 659 2540 αὐτὰς
671 2463 754 2554 (soil.
767 2467 863 2557 νῆας)
876 2467 1089 2554 δ’ἒμπρήσειν
1102 2461 1250 2549 μαλεροῦ
1262 2463 1384 2548 πυρός.

218 2576 255 2652 Ζ,
280 2573 360 2637 331:
383 2567 429 2654 μὴ
453 2567 543 2650 τάχα
558 2564 644 2634 ἄστυ
658 2575 764 2661 πυρὸς
778 2576 886 2664 δηΐοιο
901 2573 1059 2661 θέρηται,
1083 2570 1149 2638 alia
1164 2587 1247 2650 quae
1263 2566 1382 2634 afferre

216 2678 349 2760 longum
361 2680 420 2742 est.
453 2675 562 2757 Quid?
586 2678 670 2759 quod
681 2679 730 2748 ita
744 2702 813 2750 rem
824 2680 1043 2764 expediebant
1053 2675 1237 2745 localistee:
1261 2673 1382 2758 ,alique

217 2785 290 2851 lace
312 2802 353 2848 ex
374 2782 451 2866 igne
473 2783 577 2866 petita
598 2803 700 2854 naves
721 2787 916 2871 incendere‘,
942 2793 1108 2866 tamquam
1131 2780 1159 2848 si
1182 2799 1253 2848 cum
1275 2779 1382 2848 brevi⁵

111 2914 119 2928 ·
217 2889 383 2972 loquentia
394 2889 533 2970 quadarn
547 2927 591 2936 -
606 2890 823 2960 audacissima
838 2891 966 2972 quidem
980 2927 1024 2938 -
1039 2890 1142 2956 verba
1158 2887 1247 2954 dicta
1262 2890 1381 2952 esseut.

218 2996 290 3079 Qua
313 2995 353 3062 de
382 2992 511 3059 ratione
533 2993 610 3074 quid
639 2994 684 3060 sit
702 2995 931 3080 jndicandum,
963 2993 1215 3078 uniuscnjusque
1244 2990 1382 3058 arbitrio

217 3101 412 3186 permittam.
456 3099 616 3168 Hertzius
638 3097 762 3188 (philol.
781 3107 858 3170 tom.
879 3102 1038 3187 XXVHI,
1062 3118 1137 3184 pag.
1160 3095 1251 3185 514),
1274 3115 1383 3179 quam2

218 3227 314 3292 quam
335 3207 370 3274 iu
391 3205 639 3290 interpretando
653 3208 815 3294 genetivo,
839 3209 981 3293 quicum
996 3207 1097 3277 verbo
1114 3203 1287 3290 ἐμπρῆσαι
1310 3222 1383 3270 σοιν

214 3317 347 3400 junctus
382 3321 448 3400 est,
493 3315 731 3402 Naegelsbachi
767 3315 927 3384 rationem
965 3312 1112 3395 sequitur
1156 3305 1286 3394 (etwas
1324 3307 1383 3374 mit
1472 3353 1473 3358 ,

217 3420 437 3490 haucheudom
460 3421 568 3490 Feuer
591 3425 767 3508 gleichsam
790 3420 971 3510 ertillen‘),
1003 3423 1113 3485 tamen
1138 3414 1224 3498 apud
1245 3415 1383 3483 verbnm

219 3530 391 3618 θέρεσθαι
415 3529 525 3596 lacere
545 3547 610 3596 nou
633 3535 757 3614 potest,
789 3526 866 3609 quin
892 3521 1173 3594 instrumentalem
1195 3539 1266 3586 esse
1287 3539 1382 3603 gene

219 3637 324 3706 tivum
353 3640 487 3704 statuat.
533 3633 637 3716 Quam
666 3635 795 3718 quidem
825 3633 987 3702 diversam
1016 3630 1177 3698 rationem
1199 3627 1383 3710 explicandi

220 3742 381 3828 genetivi,
413 3743 468 3823 qni
490 3743 578 3826 apud
603 3761 784 3827 synonyma
805 3742 908 3812 verba
929 3742 1058 3826 πρῆσαι
1080 3736 1134 3806 vel
1157 3733 1329 3821 ἐμπρῆσαι
1350 3741 1383 3803 et
1470 3829 1471 3850 ᾖ

326 3919 353 3986 *)
373 3918 414 3971 Ι)ε
442 3917 571 3986 partitiva
595 3917 639 3983 vi,
669 3931 740 3987 quae
767 3921 853 3975 verbo
878 3919 1027 3992 χαρίζεσθαι
1054 3914 1137 3976 inest,
1167 3909 1241 3977 apud
1269 3909 1380 3964 verbum

219 4011 349 4083 μιιιλσσεα
376 4009 490 4080 cogitari
516 4023 568 4062 non
588 4013 686 4078 potest.
724 4009 861 4082 Significat
882 4011 952 4063 enim
973 4005 1042 4060 nillil
1060 4000 1151 4066 aliud,
1177 4000 1227 4055 nisi
1247 4001 1380 4070 ,placeret

221 4115 311 4171 aqua
331 4099 526 4170 significatione
544 4099 675 4169 partitive
698 4107 819 4170 potestas
844 4115 956 4171 prorsus
981 4093 1118 4150 abhorret
1157 4089 1199 4144 De
1218 4091 1381 4162 etymologia

221 4191 300 4246 verti
318 4192 446 4262 μειλισσιιι
463 4187 496 4241 cl.
517 4187 626 4242 Gordos
645 4190 794 4256 ‚elementa
814 4193 825 4226 ⁸
847 4210 874 4262 p.
892 4189 945 4247 307
965 4203 1006 4258 sq.
1044 4185 1107 4240 Pott
1127 4187 1252 4254 ‚quaesit
1272 4181 1379 4250 etymol.

222 4284 259 4350 1¹,
279 4281 340 4340 rot.
379 4279 481 4350 Benley
501 4276 679 4348 ,glossnrinm‘
699 4279 718 4348 l,
735 4281 797 4339 500.
